%YAML 1.1
%TAG !u! tag:unity3d.com,2011:
--- !u!1 &2063999135
GameObject:
  m_ObjectHideFlags: 0
  m_CorrespondingSourceObject: {fileID: 0}
  m_PrefabInstance: {fileID: 0}
  m_PrefabAsset: {fileID: 0}
  serializedVersion: 6
  m_Component:
  - component: {fileID: 2063999136}
  - component: {fileID: 2063999139}
  - component: {fileID: 2063999138}
  - component: {fileID: 2063999137}
  m_Layer: 0
  m_Name: ProjectileDirectionMarker
  m_TagString: Untagged
  m_Icon: {fileID: 0}
  m_NavMeshLayer: 0
  m_StaticEditorFlags: 0
  m_IsActive: 0
--- !u!4 &2063999136
Transform:
  m_ObjectHideFlags: 0
  m_CorrespondingSourceObject: {fileID: 0}
  m_PrefabInstance: {fileID: 0}
  m_PrefabAsset: {fileID: 0}
  m_GameObject: {fileID: 2063999135}
  m_LocalRotation: {x: 0.7071068, y: 0, z: 0, w: 0.7071068}
  m_LocalPosition: {x: -0.001, y: 1.5743, z: 1.5086}
  m_LocalScale: {x: 0.063155, y: 1.4677882, z: 0.06315509}
  m_Children: []
  m_Father: {fileID: 4868958058319841002}
  m_RootOrder: 2
  m_LocalEulerAnglesHint: {x: 90, y: 0, z: 0}
--- !u!33 &2063999139
MeshFilter:
  m_ObjectHideFlags: 0
  m_CorrespondingSourceObject: {fileID: 0}
  m_PrefabInstance: {fileID: 0}
  m_PrefabAsset: {fileID: 0}
  m_GameObject: {fileID: 2063999135}
  m_Mesh: {fileID: 10206, guid: 0000000000000000e000000000000000, type: 0}
--- !u!23 &2063999138
MeshRenderer:
  m_ObjectHideFlags: 0
  m_CorrespondingSourceObject: {fileID: 0}
  m_PrefabInstance: {fileID: 0}
  m_PrefabAsset: {fileID: 0}
  m_GameObject: {fileID: 2063999135}
  m_Enabled: 1
  m_CastShadows: 1
  m_ReceiveShadows: 1
  m_DynamicOccludee: 1
  m_MotionVectors: 1
  m_LightProbeUsage: 1
  m_ReflectionProbeUsage: 1
  m_RayTracingMode: 2
  m_RayTraceProcedural: 0
  m_RenderingLayerMask: 1
  m_RendererPriority: 0
  m_Materials:
  - {fileID: 2100000, guid: 45e1035f97607d449ac2dbdedfb078de, type: 2}
  m_StaticBatchInfo:
    firstSubMesh: 0
    subMeshCount: 0
  m_StaticBatchRoot: {fileID: 0}
  m_ProbeAnchor: {fileID: 0}
  m_LightProbeVolumeOverride: {fileID: 0}
  m_ScaleInLightmap: 1
  m_ReceiveGI: 1
  m_PreserveUVs: 0
  m_IgnoreNormalsForChartDetection: 0
  m_ImportantGI: 0
  m_StitchLightmapSeams: 1
  m_SelectedEditorRenderState: 3
  m_MinimumChartSize: 4
  m_AutoUVMaxDistance: 0.5
  m_AutoUVMaxAngle: 89
  m_LightmapParameters: {fileID: 0}
  m_SortingLayerID: 0
  m_SortingLayer: 0
  m_SortingOrder: 0
  m_AdditionalVertexStreams: {fileID: 0}
--- !u!136 &2063999137
CapsuleCollider:
  m_ObjectHideFlags: 0
  m_CorrespondingSourceObject: {fileID: 0}
  m_PrefabInstance: {fileID: 0}
  m_PrefabAsset: {fileID: 0}
  m_GameObject: {fileID: 2063999135}
  m_Material: {fileID: 0}
  m_IsTrigger: 0
  m_Enabled: 1
  m_Radius: 0.5000001
  m_Height: 2
  m_Direction: 1
  m_Center: {x: 0.000000059604645, y: 0, z: -0.00000008940697}
--- !u!1 &19129889636761340
GameObject:
  m_ObjectHideFlags: 0
  m_CorrespondingSourceObject: {fileID: 0}
  m_PrefabInstance: {fileID: 0}
  m_PrefabAsset: {fileID: 0}
  serializedVersion: 6
  m_Component:
  - component: {fileID: 8103408977447687770}
  m_Layer: 0
  m_Name: RightHandRing4
  m_TagString: Untagged
  m_Icon: {fileID: 0}
  m_NavMeshLayer: 0
  m_StaticEditorFlags: 0
  m_IsActive: 1
--- !u!4 &8103408977447687770
Transform:
  m_ObjectHideFlags: 0
  m_CorrespondingSourceObject: {fileID: 0}
  m_PrefabInstance: {fileID: 0}
  m_PrefabAsset: {fileID: 0}
  m_GameObject: {fileID: 19129889636761340}
  m_LocalRotation: {x: 0, y: -0, z: -0, w: 1}
  m_LocalPosition: {x: -0.000020153802, y: 0.03267689, z: -2.2910768e-10}
  m_LocalScale: {x: 1, y: 1, z: 1}
  m_Children: []
  m_Father: {fileID: 6774088407078507448}
  m_RootOrder: 0
  m_LocalEulerAnglesHint: {x: 0, y: 0, z: 0}
--- !u!1 &348346888153717226
GameObject:
  m_ObjectHideFlags: 0
  m_CorrespondingSourceObject: {fileID: 0}
  m_PrefabInstance: {fileID: 0}
  m_PrefabAsset: {fileID: 0}
  serializedVersion: 6
  m_Component:
  - component: {fileID: 116681171145237556}
  m_Layer: 0
  m_Name: LeftHandPinky3
  m_TagString: Untagged
  m_Icon: {fileID: 0}
  m_NavMeshLayer: 0
  m_StaticEditorFlags: 0
  m_IsActive: 1
--- !u!4 &116681171145237556
Transform:
  m_ObjectHideFlags: 0
  m_CorrespondingSourceObject: {fileID: 0}
  m_PrefabInstance: {fileID: 0}
  m_PrefabAsset: {fileID: 0}
  m_GameObject: {fileID: 348346888153717226}
  m_LocalRotation: {x: 0.5424865, y: 0.0004840439, z: 0.05606439, w: 0.8381915}
  m_LocalPosition: {x: -0.0000003144129, y: 0.022945544, z: 0.000000011846642}
  m_LocalScale: {x: 1, y: 1, z: 1}
  m_Children:
  - {fileID: 6176699493696575744}
  m_Father: {fileID: 7855822891068746899}
  m_RootOrder: 0
  m_LocalEulerAnglesHint: {x: 35.9797, y: 1.1732376, z: 3.5049028}
--- !u!1 &375842500051007559
GameObject:
  m_ObjectHideFlags: 0
  m_CorrespondingSourceObject: {fileID: 0}
  m_PrefabInstance: {fileID: 0}
  m_PrefabAsset: {fileID: 0}
  serializedVersion: 6
  m_Component:
  - component: {fileID: 5644715035366608300}
  m_Layer: 0
  m_Name: LeftLeg
  m_TagString: Untagged
  m_Icon: {fileID: 0}
  m_NavMeshLayer: 0
  m_StaticEditorFlags: 0
  m_IsActive: 1
--- !u!4 &5644715035366608300
Transform:
  m_ObjectHideFlags: 0
  m_CorrespondingSourceObject: {fileID: 0}
  m_PrefabInstance: {fileID: 0}
  m_PrefabAsset: {fileID: 0}
  m_GameObject: {fileID: 375842500051007559}
  m_LocalRotation: {x: -0.506981, y: -0.062027585, z: -0.0096030645, w: 0.8596689}
  m_LocalPosition: {x: -0.0002114813, y: 0.4192479, z: -0.00048358148}
  m_LocalScale: {x: 1, y: 1, z: 1}
  m_Children:
  - {fileID: 7805701273131430716}
  - {fileID: 4722284328774704805}
  m_Father: {fileID: 6022591783220531958}
  m_RootOrder: 0
  m_LocalEulerAnglesHint: {x: -44.361084, y: -6.0658703, z: 6.3258305}
--- !u!1 &623224542161604751
GameObject:
  m_ObjectHideFlags: 0
  m_CorrespondingSourceObject: {fileID: 0}
  m_PrefabInstance: {fileID: 0}
  m_PrefabAsset: {fileID: 0}
  serializedVersion: 6
  m_Component:
  - component: {fileID: 7107819220424420731}
  m_Layer: 0
  m_Name: RightUpLeg
  m_TagString: Untagged
  m_Icon: {fileID: 0}
  m_NavMeshLayer: 0
  m_StaticEditorFlags: 0
  m_IsActive: 1
--- !u!4 &7107819220424420731
Transform:
  m_ObjectHideFlags: 0
  m_CorrespondingSourceObject: {fileID: 0}
  m_PrefabInstance: {fileID: 0}
  m_PrefabAsset: {fileID: 0}
  m_GameObject: {fileID: 623224542161604751}
  m_LocalRotation: {x: 0.15047507, y: 0.051355325, z: 0.9477423, w: -0.2765944}
  m_LocalPosition: {x: 0.106010415, y: -0.043029994, z: 0.0052789967}
  m_LocalScale: {x: 1, y: 1, z: 1}
  m_Children:
  - {fileID: 1282151117138057363}
  m_Father: {fileID: 4239619822744164746}
  m_RootOrder: 1
  m_LocalEulerAnglesHint: {x: -16.338615, y: 12.184929, z: -164.37985}
--- !u!1 &627033560932262045
GameObject:
  m_ObjectHideFlags: 0
  m_CorrespondingSourceObject: {fileID: 0}
  m_PrefabInstance: {fileID: 0}
  m_PrefabAsset: {fileID: 0}
  serializedVersion: 6
  m_Component:
  - component: {fileID: 4175602592441544754}
  m_Layer: 0
  m_Name: LeftHand
  m_TagString: Untagged
  m_Icon: {fileID: 0}
  m_NavMeshLayer: 0
  m_StaticEditorFlags: 0
  m_IsActive: 1
--- !u!4 &4175602592441544754
Transform:
  m_ObjectHideFlags: 0
  m_CorrespondingSourceObject: {fileID: 0}
  m_PrefabInstance: {fileID: 0}
  m_PrefabAsset: {fileID: 0}
  m_GameObject: {fileID: 627033560932262045}
  m_LocalRotation: {x: -0.07818977, y: -0.2541985, z: 0.08340617, w: 0.96037126}
  m_LocalPosition: {x: 2.9261107e-11, y: 0.2455039, z: -1.5804176e-11}
  m_LocalScale: {x: 1, y: 1, z: 1}
  m_Children:
  - {fileID: 8320759224298031864}
  - {fileID: 3554633545283316006}
  - {fileID: 4886909028612339463}
  - {fileID: 5334872059421634008}
  - {fileID: 8690833660306689714}
  m_Father: {fileID: 1434777203827357236}
  m_RootOrder: 1
  m_LocalEulerAnglesHint: {x: -5.8836794, y: -22.704657, z: 9.163005}
--- !u!1 &645865881526175963
GameObject:
  m_ObjectHideFlags: 0
  m_CorrespondingSourceObject: {fileID: 0}
  m_PrefabInstance: {fileID: 0}
  m_PrefabAsset: {fileID: 0}
  serializedVersion: 6
  m_Component:
  - component: {fileID: 2565899955242137013}
  m_Layer: 0
  m_Name: RightHandThumb2
  m_TagString: Untagged
  m_Icon: {fileID: 0}
  m_NavMeshLayer: 0
  m_StaticEditorFlags: 0
  m_IsActive: 1
--- !u!4 &2565899955242137013
Transform:
  m_ObjectHideFlags: 0
  m_CorrespondingSourceObject: {fileID: 0}
  m_PrefabInstance: {fileID: 0}
  m_PrefabAsset: {fileID: 0}
  m_GameObject: {fileID: 645865881526175963}
  m_LocalRotation: {x: 0.086814456, y: 0.022657676, z: -0.17076576, w: 0.9812181}
  m_LocalPosition: {x: -0.0067425575, y: 0.03097352, z: -0.00000004403258}
  m_LocalScale: {x: 1, y: 1, z: 1}
  m_Children:
  - {fileID: 7618563876828436928}
  m_Father: {fileID: 3151741871816985390}
  m_RootOrder: 0
  m_LocalEulerAnglesHint: {x: 0.20204508, y: -8.335278, z: -35.06715}
--- !u!1 &656620620414490899
GameObject:
  m_ObjectHideFlags: 0
  m_CorrespondingSourceObject: {fileID: 0}
  m_PrefabInstance: {fileID: 0}
  m_PrefabAsset: {fileID: 0}
  serializedVersion: 6
  m_Component:
  - component: {fileID: 2442332114987862333}
  m_Layer: 0
  m_Name: RightForeArm_IK_BakingLOC
  m_TagString: Untagged
  m_Icon: {fileID: 0}
  m_NavMeshLayer: 0
  m_StaticEditorFlags: 0
  m_IsActive: 1
--- !u!4 &2442332114987862333
Transform:
  m_ObjectHideFlags: 0
  m_CorrespondingSourceObject: {fileID: 0}
  m_PrefabInstance: {fileID: 0}
  m_PrefabAsset: {fileID: 0}
  m_GameObject: {fileID: 656620620414490899}
  m_LocalRotation: {x: 0, y: -0, z: -0, w: 1}
  m_LocalPosition: {x: 0.12458012, y: 0, z: 0}
  m_LocalScale: {x: 1, y: 1, z: 1}
  m_Children: []
  m_Father: {fileID: 6425929340099441061}
  m_RootOrder: 0
  m_LocalEulerAnglesHint: {x: 0, y: 0, z: 0}
--- !u!1 &677341814649490759
GameObject:
  m_ObjectHideFlags: 0
  m_CorrespondingSourceObject: {fileID: 0}
  m_PrefabInstance: {fileID: 0}
  m_PrefabAsset: {fileID: 0}
  serializedVersion: 6
  m_Component:
  - component: {fileID: 7664689885770646410}
  m_Layer: 0
  m_Name: Root
  m_TagString: Untagged
  m_Icon: {fileID: 0}
  m_NavMeshLayer: 0
  m_StaticEditorFlags: 0
  m_IsActive: 1
--- !u!4 &7664689885770646410
Transform:
  m_ObjectHideFlags: 0
  m_CorrespondingSourceObject: {fileID: 0}
  m_PrefabInstance: {fileID: 0}
  m_PrefabAsset: {fileID: 0}
  m_GameObject: {fileID: 677341814649490759}
  m_LocalRotation: {x: -0.048533797, y: 0.3919403, z: -0.014052763, w: 0.9186021}
  m_LocalPosition: {x: -0.0050366083, y: 0.8204801, z: -0.0054786955}
  m_LocalScale: {x: 1, y: 1, z: 1}
  m_Children:
  - {fileID: 4239619822744164746}
  - {fileID: 822261626629288596}
  m_Father: {fileID: 4868958058319841002}
  m_RootOrder: 1
  m_LocalEulerAnglesHint: {x: 7.354142, y: 35.573215, z: 2.7558422}
--- !u!1 &704016779419078588
GameObject:
  m_ObjectHideFlags: 0
  m_CorrespondingSourceObject: {fileID: 0}
  m_PrefabInstance: {fileID: 0}
  m_PrefabAsset: {fileID: 0}
  serializedVersion: 6
  m_Component:
  - component: {fileID: 4886909028612339463}
  m_Layer: 0
  m_Name: LeftHandPinky1
  m_TagString: Untagged
  m_Icon: {fileID: 0}
  m_NavMeshLayer: 0
  m_StaticEditorFlags: 0
  m_IsActive: 1
--- !u!4 &4886909028612339463
Transform:
  m_ObjectHideFlags: 0
  m_CorrespondingSourceObject: {fileID: 0}
  m_PrefabInstance: {fileID: 0}
  m_PrefabAsset: {fileID: 0}
  m_GameObject: {fileID: 704016779419078588}
  m_LocalRotation: {x: 0.62897176, y: -0.045453425, z: 0.01644309, w: 0.77592415}
  m_LocalPosition: {x: -0.026228355, y: 0.06340107, z: -0.00031645066}
  m_LocalScale: {x: 1, y: 1, z: 1}
  m_Children:
  - {fileID: 7855822891068746899}
  m_Father: {fileID: 4175602592441544754}
  m_RootOrder: 2
  m_LocalEulerAnglesHint: {x: 73.53801, y: -6.1385856, z: 8.131425}
--- !u!1 &863011297142389671
GameObject:
  m_ObjectHideFlags: 0
  m_CorrespondingSourceObject: {fileID: 0}
  m_PrefabInstance: {fileID: 0}
  m_PrefabAsset: {fileID: 0}
  serializedVersion: 6
  m_Component:
  - component: {fileID: 317830869522139628}
  m_Layer: 0
  m_Name: RightHand
  m_TagString: Untagged
  m_Icon: {fileID: 0}
  m_NavMeshLayer: 0
  m_StaticEditorFlags: 0
  m_IsActive: 1
--- !u!4 &317830869522139628
Transform:
  m_ObjectHideFlags: 0
  m_CorrespondingSourceObject: {fileID: 0}
  m_PrefabInstance: {fileID: 0}
  m_PrefabAsset: {fileID: 0}
  m_GameObject: {fileID: 863011297142389671}
  m_LocalRotation: {x: -0.15260302, y: -0.037133563, z: 0.06911204, w: 0.9851685}
  m_LocalPosition: {x: -1.0714505e-11, y: 0.24550316, z: 6.181608e-11}
  m_LocalScale: {x: 1, y: 1, z: 1}
  m_Children:
  - {fileID: 7188325070848853095}
  - {fileID: 3540610826871737999}
  - {fileID: 2930879123364234320}
  - {fileID: 7877287959941867347}
  - {fileID: 3151741871816985390}
  m_Father: {fileID: 6425929340099441061}
  m_RootOrder: 1
  m_LocalEulerAnglesHint: {x: -0.4130524, y: 10.272304, z: 3.141592}
--- !u!1 &863487896199452533
GameObject:
  m_ObjectHideFlags: 0
  m_CorrespondingSourceObject: {fileID: 0}
  m_PrefabInstance: {fileID: 0}
  m_PrefabAsset: {fileID: 0}
  serializedVersion: 6
  m_Component:
  - component: {fileID: 5334872059421634008}
  m_Layer: 0
  m_Name: LeftHandRing1
  m_TagString: Untagged
  m_Icon: {fileID: 0}
  m_NavMeshLayer: 0
  m_StaticEditorFlags: 0
  m_IsActive: 1
--- !u!4 &5334872059421634008
Transform:
  m_ObjectHideFlags: 0
  m_CorrespondingSourceObject: {fileID: 0}
  m_PrefabInstance: {fileID: 0}
  m_PrefabAsset: {fileID: 0}
  m_GameObject: {fileID: 863487896199452533}
  m_LocalRotation: {x: 0.6127431, y: -0.039250474, z: 0.00982026, w: 0.7892458}
  m_LocalPosition: {x: -0.012132234, y: 0.06807564, z: -0.0008311539}
  m_LocalScale: {x: 1, y: 1, z: 1}
  m_Children:
  - {fileID: 8617484849399663084}
  m_Father: {fileID: 4175602592441544754}
  m_RootOrder: 3
  m_LocalEulerAnglesHint: {x: 62.493263, y: -4.299996, z: 1.8109438}
--- !u!1 &975617351845393016
GameObject:
  m_ObjectHideFlags: 0
  m_CorrespondingSourceObject: {fileID: 0}
  m_PrefabInstance: {fileID: 0}
  m_PrefabAsset: {fileID: 0}
  serializedVersion: 6
  m_Component:
  - component: {fileID: 358606312710066937}
  m_Layer: 0
  m_Name: LeftHandMiddle3
  m_TagString: Untagged
  m_Icon: {fileID: 0}
  m_NavMeshLayer: 0
  m_StaticEditorFlags: 0
  m_IsActive: 1
--- !u!4 &358606312710066937
Transform:
  m_ObjectHideFlags: 0
  m_CorrespondingSourceObject: {fileID: 0}
  m_PrefabInstance: {fileID: 0}
  m_PrefabAsset: {fileID: 0}
  m_GameObject: {fileID: 975617351845393016}
  m_LocalRotation: {x: 0.3580201, y: 0.00006635263, z: 0.03671545, w: 0.93299174}
  m_LocalPosition: {x: -0.00002019208, y: 0.03247456, z: 0.000000020197483}
  m_LocalScale: {x: 1, y: 1, z: 1}
  m_Children:
  - {fileID: 5120060767995485017}
  m_Father: {fileID: 5027278869430948998}
  m_RootOrder: 0
  m_LocalEulerAnglesHint: {x: 21.115803, y: 0.35779616, z: 1.89632}
--- !u!1 &1119453742209758584
GameObject:
  m_ObjectHideFlags: 0
  m_CorrespondingSourceObject: {fileID: 0}
  m_PrefabInstance: {fileID: 0}
  m_PrefabAsset: {fileID: 0}
  serializedVersion: 6
  m_Component:
  - component: {fileID: 7921267437834545988}
  m_Layer: 0
  m_Name: RightHandPinky2
  m_TagString: Untagged
  m_Icon: {fileID: 0}
  m_NavMeshLayer: 0
  m_StaticEditorFlags: 0
  m_IsActive: 1
--- !u!4 &7921267437834545988
Transform:
  m_ObjectHideFlags: 0
  m_CorrespondingSourceObject: {fileID: 0}
  m_PrefabInstance: {fileID: 0}
  m_PrefabAsset: {fileID: 0}
  m_GameObject: {fileID: 1119453742209758584}
  m_LocalRotation: {x: 0.6832292, y: 0.00037961028, z: -0.06813126, w: 0.72701854}
  m_LocalPosition: {x: -0.000044048033, y: 0.03311044, z: 5.769303e-10}
  m_LocalScale: {x: 1, y: 1, z: 1}
  m_Children:
  - {fileID: 3048682872086227157}
  m_Father: {fileID: 2930879123364234320}
  m_RootOrder: 0
  m_LocalEulerAnglesHint: {x: 83.01121, y: -25.48441, z: -28.733557}
--- !u!1 &1156869576545820461
GameObject:
  m_ObjectHideFlags: 0
  m_CorrespondingSourceObject: {fileID: 0}
  m_PrefabInstance: {fileID: 0}
  m_PrefabAsset: {fileID: 0}
  serializedVersion: 6
  m_Component:
  - component: {fileID: 6907469066589153862}
  m_Layer: 0
  m_Name: RightToe_End
  m_TagString: Untagged
  m_Icon: {fileID: 0}
  m_NavMeshLayer: 0
  m_StaticEditorFlags: 0
  m_IsActive: 1
--- !u!4 &6907469066589153862
Transform:
  m_ObjectHideFlags: 0
  m_CorrespondingSourceObject: {fileID: 0}
  m_PrefabInstance: {fileID: 0}
  m_PrefabAsset: {fileID: 0}
  m_GameObject: {fileID: 1156869576545820461}
  m_LocalRotation: {x: 0, y: -0, z: -0, w: 1}
  m_LocalPosition: {x: -3.854609e-11, y: 0.06854544, z: -2.2552809e-11}
  m_LocalScale: {x: 1, y: 1, z: 1}
  m_Children: []
  m_Father: {fileID: 4084162212184216964}
  m_RootOrder: 0
  m_LocalEulerAnglesHint: {x: 0, y: 0, z: 0}
--- !u!1 &1168261618116436971
GameObject:
  m_ObjectHideFlags: 0
  m_CorrespondingSourceObject: {fileID: 0}
  m_PrefabInstance: {fileID: 0}
  m_PrefabAsset: {fileID: 0}
  serializedVersion: 6
  m_Component:
  - component: {fileID: 2405849392998396831}
  m_Layer: 0
  m_Name: LeftHandRing3
  m_TagString: Untagged
  m_Icon: {fileID: 0}
  m_NavMeshLayer: 0
  m_StaticEditorFlags: 0
  m_IsActive: 1
--- !u!4 &2405849392998396831
Transform:
  m_ObjectHideFlags: 0
  m_CorrespondingSourceObject: {fileID: 0}
  m_PrefabInstance: {fileID: 0}
  m_PrefabAsset: {fileID: 0}
  m_GameObject: {fileID: 1168261618116436971}
  m_LocalRotation: {x: 0.5493856, y: -0.00011029443, z: 0.059489023, w: 0.83344865}
  m_LocalPosition: {x: -0.000012269281, y: 0.03267279, z: 0.0000000044448343}
  m_LocalScale: {x: 1, y: 1, z: 1}
  m_Children:
  - {fileID: 7784576451524278031}
  m_Father: {fileID: 8617484849399663084}
  m_RootOrder: 0
  m_LocalEulerAnglesHint: {x: 26.76855, y: 0.624195, z: 2.6477492}
--- !u!1 &1205005833067456247
GameObject:
  m_ObjectHideFlags: 0
  m_CorrespondingSourceObject: {fileID: 0}
  m_PrefabInstance: {fileID: 0}
  m_PrefabAsset: {fileID: 0}
  serializedVersion: 6
  m_Component:
  - component: {fileID: 2930879123364234320}
  m_Layer: 0
  m_Name: RightHandPinky1
  m_TagString: Untagged
  m_Icon: {fileID: 0}
  m_NavMeshLayer: 0
  m_StaticEditorFlags: 0
  m_IsActive: 1
--- !u!4 &2930879123364234320
Transform:
  m_ObjectHideFlags: 0
  m_CorrespondingSourceObject: {fileID: 0}
  m_PrefabInstance: {fileID: 0}
  m_PrefabAsset: {fileID: 0}
  m_GameObject: {fileID: 1205005833067456247}
  m_LocalRotation: {x: 0.5863471, y: 0.038879205, z: -0.0062838816, w: 0.809102}
  m_LocalPosition: {x: 0.027817717, y: 0.06626462, z: -0.00029853173}
  m_LocalScale: {x: 1, y: 1, z: 1}
  m_Children:
  - {fileID: 7921267437834545988}
  m_Father: {fileID: 317830869522139628}
  m_RootOrder: 2
  m_LocalEulerAnglesHint: {x: 72.21896, y: 8.748772, z: -4.294915}
--- !u!1 &1290896805384798715
GameObject:
  m_ObjectHideFlags: 0
  m_CorrespondingSourceObject: {fileID: 0}
  m_PrefabInstance: {fileID: 0}
  m_PrefabAsset: {fileID: 0}
  serializedVersion: 6
  m_Component:
  - component: {fileID: 1434777203827357236}
  m_Layer: 0
  m_Name: LeftForeArm
  m_TagString: Untagged
  m_Icon: {fileID: 0}
  m_NavMeshLayer: 0
  m_StaticEditorFlags: 0
  m_IsActive: 1
--- !u!4 &1434777203827357236
Transform:
  m_ObjectHideFlags: 0
  m_CorrespondingSourceObject: {fileID: 0}
  m_PrefabInstance: {fileID: 0}
  m_PrefabAsset: {fileID: 0}
  m_GameObject: {fileID: 1290896805384798715}
  m_LocalRotation: {x: 0.09769439, y: 0.000068496294, z: -0.8300326, w: 0.5490918}
  m_LocalPosition: {x: 7.98445e-10, y: 0.24915676, z: -4.142595e-10}
  m_LocalScale: {x: 1, y: 1, z: 1}
  m_Children:
  - {fileID: 7673704713815339792}
  - {fileID: 4175602592441544754}
  m_Father: {fileID: 6024268647824823713}
  m_RootOrder: 0
  m_LocalEulerAnglesHint: {x: 6.456568, y: -8.57251, z: -106.16446}
--- !u!1 &1436423619415512401
GameObject:
  m_ObjectHideFlags: 0
  m_CorrespondingSourceObject: {fileID: 0}
  m_PrefabInstance: {fileID: 0}
  m_PrefabAsset: {fileID: 0}
  serializedVersion: 6
  m_Component:
  - component: {fileID: 5167389821314115866}
  m_Layer: 0
  m_Name: RightHandMiddle2
  m_TagString: Untagged
  m_Icon: {fileID: 0}
  m_NavMeshLayer: 0
  m_StaticEditorFlags: 0
  m_IsActive: 1
--- !u!4 &5167389821314115866
Transform:
  m_ObjectHideFlags: 0
  m_CorrespondingSourceObject: {fileID: 0}
  m_PrefabInstance: {fileID: 0}
  m_PrefabAsset: {fileID: 0}
  m_GameObject: {fileID: 1436423619415512401}
  m_LocalRotation: {x: 0.76232725, y: -0.000033155673, z: -0.07705319, w: 0.6425885}
  m_LocalPosition: {x: -0.000008004361, y: 0.045292467, z: -0.0000000010740231}
  m_LocalScale: {x: 1, y: 1, z: 1}
  m_Children:
  - {fileID: 3708055036686542687}
  m_Father: {fileID: 3540610826871737999}
  m_RootOrder: 0
  m_LocalEulerAnglesHint: {x: 75.393196, y: -10.441651, z: -13.48159}
--- !u!1 &1558311329875101536
GameObject:
  m_ObjectHideFlags: 0
  m_CorrespondingSourceObject: {fileID: 0}
  m_PrefabInstance: {fileID: 0}
  m_PrefabAsset: {fileID: 0}
  serializedVersion: 6
  m_Component:
  - component: {fileID: 3242290868607095492}
  m_Layer: 0
  m_Name: RightFoot
  m_TagString: Untagged
  m_Icon: {fileID: 0}
  m_NavMeshLayer: 0
  m_StaticEditorFlags: 0
  m_IsActive: 1
--- !u!4 &3242290868607095492
Transform:
  m_ObjectHideFlags: 0
  m_CorrespondingSourceObject: {fileID: 0}
  m_PrefabInstance: {fileID: 0}
  m_PrefabAsset: {fileID: 0}
  m_GameObject: {fileID: 1558311329875101536}
  m_LocalRotation: {x: 0.6660885, y: -0.0900326, z: -0.20818935, w: 0.71054727}
  m_LocalPosition: {x: 2.0357671e-10, y: 0.39722893, z: 1.3916271e-10}
  m_LocalScale: {x: 1, y: 1, z: 1}
  m_Children:
  - {fileID: 3707338435539009969}
  - {fileID: 4084162212184216964}
  m_Father: {fileID: 1282151117138057363}
  m_RootOrder: 0
  m_LocalEulerAnglesHint: {x: 64.51741, y: -60.582874, z: -70.18861}
--- !u!1 &1877551627345225067
GameObject:
  m_ObjectHideFlags: 0
  m_CorrespondingSourceObject: {fileID: 0}
  m_PrefabInstance: {fileID: 0}
  m_PrefabAsset: {fileID: 0}
  serializedVersion: 6
  m_Component:
  - component: {fileID: 3151741871816985390}
  m_Layer: 0
  m_Name: RightHandThumb1
  m_TagString: Untagged
  m_Icon: {fileID: 0}
  m_NavMeshLayer: 0
  m_StaticEditorFlags: 0
  m_IsActive: 1
--- !u!4 &3151741871816985390
Transform:
  m_ObjectHideFlags: 0
  m_CorrespondingSourceObject: {fileID: 0}
  m_PrefabInstance: {fileID: 0}
  m_PrefabAsset: {fileID: 0}
  m_GameObject: {fileID: 1877551627345225067}
  m_LocalRotation: {x: 0.2756809, y: 0.1395176, z: 0.1230781, w: 0.943073}
  m_LocalPosition: {x: -0.02341545, y: 0.017205972, z: 0.0071058115}
  m_LocalScale: {x: 1, y: 1, z: 1}
  m_Children:
  - {fileID: 2565899955242137013}
  m_Father: {fileID: 317830869522139628}
  m_RootOrder: 4
  m_LocalEulerAnglesHint: {x: 13.428166, y: 13.326653, z: 49.7805}
--- !u!1 &2203737296162783046
GameObject:
  m_ObjectHideFlags: 0
  m_CorrespondingSourceObject: {fileID: 0}
  m_PrefabInstance: {fileID: 0}
  m_PrefabAsset: {fileID: 0}
  serializedVersion: 6
  m_Component:
  - component: {fileID: 8690833660306689714}
  m_Layer: 0
  m_Name: LeftHandThumb1
  m_TagString: Untagged
  m_Icon: {fileID: 0}
  m_NavMeshLayer: 0
  m_StaticEditorFlags: 0
  m_IsActive: 1
--- !u!4 &8690833660306689714
Transform:
  m_ObjectHideFlags: 0
  m_CorrespondingSourceObject: {fileID: 0}
  m_PrefabInstance: {fileID: 0}
  m_PrefabAsset: {fileID: 0}
  m_GameObject: {fileID: 2203737296162783046}
  m_LocalRotation: {x: 0.27542597, y: -0.16239007, z: -0.11525342, w: 0.94047153}
  m_LocalPosition: {x: 0.02392908, y: 0.015592131, z: 0.0076388535}
  m_LocalScale: {x: 1, y: 1, z: 1}
  m_Children:
  - {fileID: 3334374422163512927}
  m_Father: {fileID: 4175602592441544754}
  m_RootOrder: 4
  m_LocalEulerAnglesHint: {x: 13.689562, y: -14.225957, z: -46.27266}
--- !u!1 &2238205805627444331
GameObject:
  m_ObjectHideFlags: 0
  m_CorrespondingSourceObject: {fileID: 0}
  m_PrefabInstance: {fileID: 0}
  m_PrefabAsset: {fileID: 0}
  serializedVersion: 6
  m_Component:
  - component: {fileID: 2210859104330786061}
  m_Layer: 0
  m_Name: LeftHandThumb4
  m_TagString: Untagged
  m_Icon: {fileID: 0}
  m_NavMeshLayer: 0
  m_StaticEditorFlags: 0
  m_IsActive: 1
--- !u!4 &2210859104330786061
Transform:
  m_ObjectHideFlags: 0
  m_CorrespondingSourceObject: {fileID: 0}
  m_PrefabInstance: {fileID: 0}
  m_PrefabAsset: {fileID: 0}
  m_GameObject: {fileID: 2238205805627444331}
  m_LocalRotation: {x: 0, y: -0, z: -0, w: 1}
  m_LocalPosition: {x: -0.0058766794, y: 0.029916534, z: -7.2476497e-10}
  m_LocalScale: {x: 1, y: 1, z: 1}
  m_Children: []
  m_Father: {fileID: 6073103636937665441}
  m_RootOrder: 0
  m_LocalEulerAnglesHint: {x: 0, y: 0, z: 0}
--- !u!1 &2251455402847290468
GameObject:
  m_ObjectHideFlags: 0
  m_CorrespondingSourceObject: {fileID: 0}
  m_PrefabInstance: {fileID: 0}
  m_PrefabAsset: {fileID: 0}
  serializedVersion: 6
  m_Component:
  - component: {fileID: 7673704713815339792}
  m_Layer: 0
  m_Name: LeftForeArm_IK_BakingLOC
  m_TagString: Untagged
  m_Icon: {fileID: 0}
  m_NavMeshLayer: 0
  m_StaticEditorFlags: 0
  m_IsActive: 1
--- !u!4 &7673704713815339792
Transform:
  m_ObjectHideFlags: 0
  m_CorrespondingSourceObject: {fileID: 0}
  m_PrefabInstance: {fileID: 0}
  m_PrefabAsset: {fileID: 0}
  m_GameObject: {fileID: 2251455402847290468}
  m_LocalRotation: {x: 0, y: -0, z: -0, w: 1}
  m_LocalPosition: {x: -0.12457838, y: 0, z: 0}
  m_LocalScale: {x: 1, y: 1, z: 1}
  m_Children: []
  m_Father: {fileID: 1434777203827357236}
  m_RootOrder: 0
  m_LocalEulerAnglesHint: {x: 0, y: 0, z: 0}
--- !u!1 &2305009714269165980
GameObject:
  m_ObjectHideFlags: 0
  m_CorrespondingSourceObject: {fileID: 0}
  m_PrefabInstance: {fileID: 0}
  m_PrefabAsset: {fileID: 0}
  serializedVersion: 6
  m_Component:
  - component: {fileID: 6176699493696575744}
  m_Layer: 0
  m_Name: LeftHandPinky4
  m_TagString: Untagged
  m_Icon: {fileID: 0}
  m_NavMeshLayer: 0
  m_StaticEditorFlags: 0
  m_IsActive: 1
--- !u!4 &6176699493696575744
Transform:
  m_ObjectHideFlags: 0
  m_CorrespondingSourceObject: {fileID: 0}
  m_PrefabInstance: {fileID: 0}
  m_PrefabAsset: {fileID: 0}
  m_GameObject: {fileID: 2305009714269165980}
  m_LocalRotation: {x: 0, y: -0, z: -0, w: 1}
  m_LocalPosition: {x: -0.000048225604, y: 0.028228946, z: 1.8803546e-10}
  m_LocalScale: {x: 1, y: 1, z: 1}
  m_Children: []
  m_Father: {fileID: 116681171145237556}
  m_RootOrder: 0
  m_LocalEulerAnglesHint: {x: 0, y: 0, z: 0}
--- !u!1 &2348572816277014400
GameObject:
  m_ObjectHideFlags: 0
  m_CorrespondingSourceObject: {fileID: 0}
  m_PrefabInstance: {fileID: 0}
  m_PrefabAsset: {fileID: 0}
  serializedVersion: 6
  m_Component:
  - component: {fileID: 5260304347640172199}
  m_Layer: 0
  m_Name: RightArm
  m_TagString: Untagged
  m_Icon: {fileID: 0}
  m_NavMeshLayer: 0
  m_StaticEditorFlags: 0
  m_IsActive: 1
--- !u!4 &5260304347640172199
Transform:
  m_ObjectHideFlags: 0
  m_CorrespondingSourceObject: {fileID: 0}
  m_PrefabInstance: {fileID: 0}
  m_PrefabAsset: {fileID: 0}
  m_GameObject: {fileID: 2348572816277014400}
  m_LocalRotation: {x: 0.39502767, y: 0.011981276, z: 0.4025024, w: 0.8257127}
  m_LocalPosition: {x: -1.3956712e-10, y: 0.09563456, z: -0.0000000011082545}
  m_LocalScale: {x: 1, y: 1, z: 1}
  m_Children:
  - {fileID: 6425929340099441061}
  m_Father: {fileID: 1379659213057101025}
  m_RootOrder: 0
  m_LocalEulerAnglesHint: {x: 40.985275, y: 6.5970383, z: 54.864162}
--- !u!1 &2374228279405037633
GameObject:
  m_ObjectHideFlags: 0
  m_CorrespondingSourceObject: {fileID: 0}
  m_PrefabInstance: {fileID: 0}
  m_PrefabAsset: {fileID: 0}
  serializedVersion: 6
  m_Component:
  - component: {fileID: 3048682872086227157}
  m_Layer: 0
  m_Name: RightHandPinky3
  m_TagString: Untagged
  m_Icon: {fileID: 0}
  m_NavMeshLayer: 0
  m_StaticEditorFlags: 0
  m_IsActive: 1
--- !u!4 &3048682872086227157
Transform:
  m_ObjectHideFlags: 0
  m_CorrespondingSourceObject: {fileID: 0}
  m_PrefabInstance: {fileID: 0}
  m_PrefabAsset: {fileID: 0}
  m_GameObject: {fileID: 2374228279405037633}
  m_LocalRotation: {x: 0.52593255, y: -0.00065714994, z: -0.052100003, w: 0.84892887}
  m_LocalPosition: {x: 0.000003741857, y: 0.022606134, z: 0.0000000017191965}
  m_LocalScale: {x: 1, y: 1, z: 1}
  m_Children:
  - {fileID: 4955067391217054066}
  m_Father: {fileID: 7921267437834545988}
  m_RootOrder: 0
  m_LocalEulerAnglesHint: {x: 36.013687, y: -0.83389276, z: -2.4101198}
--- !u!1 &2532002543860373388
GameObject:
  m_ObjectHideFlags: 0
  m_CorrespondingSourceObject: {fileID: 0}
  m_PrefabInstance: {fileID: 0}
  m_PrefabAsset: {fileID: 0}
  serializedVersion: 6
  m_Component:
  - component: {fileID: 6425929340099441061}
  m_Layer: 0
  m_Name: RightForeArm
  m_TagString: Untagged
  m_Icon: {fileID: 0}
  m_NavMeshLayer: 0
  m_StaticEditorFlags: 0
  m_IsActive: 1
--- !u!4 &6425929340099441061
Transform:
  m_ObjectHideFlags: 0
  m_CorrespondingSourceObject: {fileID: 0}
  m_PrefabInstance: {fileID: 0}
  m_PrefabAsset: {fileID: 0}
  m_GameObject: {fileID: 2532002543860373388}
  m_LocalRotation: {x: 0.095122226, y: -0.00007244113, z: 0.80548936, w: 0.5849262}
  m_LocalPosition: {x: 4.147363e-10, y: 0.24916025, z: 1.2257033e-10}
  m_LocalScale: {x: 1, y: 1, z: 1}
  m_Children:
  - {fileID: 2442332114987862333}
  - {fileID: 317830869522139628}
  m_Father: {fileID: 5260304347640172199}
  m_RootOrder: 0
  m_LocalEulerAnglesHint: {x: 6.2635083, y: 9.227826, z: 111.81004}
--- !u!1 &2577093659119622301
GameObject:
  m_ObjectHideFlags: 0
  m_CorrespondingSourceObject: {fileID: 0}
  m_PrefabInstance: {fileID: 0}
  m_PrefabAsset: {fileID: 0}
  serializedVersion: 6
  m_Component:
  - component: {fileID: 6073103636937665441}
  m_Layer: 0
  m_Name: LeftHandThumb3
  m_TagString: Untagged
  m_Icon: {fileID: 0}
  m_NavMeshLayer: 0
  m_StaticEditorFlags: 0
  m_IsActive: 1
--- !u!4 &6073103636937665441
Transform:
  m_ObjectHideFlags: 0
  m_CorrespondingSourceObject: {fileID: 0}
  m_PrefabInstance: {fileID: 0}
  m_PrefabAsset: {fileID: 0}
  m_GameObject: {fileID: 2577093659119622301}
  m_LocalRotation: {x: 0.13221346, y: 0.053727064, z: 0.4052026, w: 0.9030193}
  m_LocalPosition: {x: -0.00018649707, y: 0.03177317, z: -0.0000005322717}
  m_LocalScale: {x: 1, y: 1, z: 1}
  m_Children:
  - {fileID: 2210859104330786061}
  m_Father: {fileID: 3334374422163512927}
  m_RootOrder: 0
  m_LocalEulerAnglesHint: {x: -13.153033, y: 0.25418454, z: 26.872097}
--- !u!1 &2663999860536098876
GameObject:
  m_ObjectHideFlags: 0
  m_CorrespondingSourceObject: {fileID: 0}
  m_PrefabInstance: {fileID: 0}
  m_PrefabAsset: {fileID: 0}
  serializedVersion: 6
  m_Component:
  - component: {fileID: 3133236827000785522}
  m_Layer: 0
  m_Name: RightHandRing2
  m_TagString: Untagged
  m_Icon: {fileID: 0}
  m_NavMeshLayer: 0
  m_StaticEditorFlags: 0
  m_IsActive: 1
--- !u!4 &3133236827000785522
Transform:
  m_ObjectHideFlags: 0
  m_CorrespondingSourceObject: {fileID: 0}
  m_PrefabInstance: {fileID: 0}
  m_PrefabAsset: {fileID: 0}
  m_GameObject: {fileID: 2663999860536098876}
  m_LocalRotation: {x: 0.7389225, y: -0.00017172945, z: -0.075110845, w: 0.66959095}
  m_LocalPosition: {x: -0.00000634143, y: 0.041995957, z: -3.247183e-10}
  m_LocalScale: {x: 1, y: 1, z: 1}
  m_Children:
  - {fileID: 6774088407078507448}
  m_Father: {fileID: 7877287959941867347}
  m_RootOrder: 0
  m_LocalEulerAnglesHint: {x: 83.55819, y: -29.688574, z: -33.01923}
--- !u!1 &2752267084152060035
GameObject:
  m_ObjectHideFlags: 0
  m_CorrespondingSourceObject: {fileID: 0}
  m_PrefabInstance: {fileID: 0}
  m_PrefabAsset: {fileID: 0}
  serializedVersion: 6
  m_Component:
  - component: {fileID: 209555576573735577}
  m_Layer: 0
  m_Name: RightHandMiddle4
  m_TagString: Untagged
  m_Icon: {fileID: 0}
  m_NavMeshLayer: 0
  m_StaticEditorFlags: 0
  m_IsActive: 1
--- !u!4 &209555576573735577
Transform:
  m_ObjectHideFlags: 0
  m_CorrespondingSourceObject: {fileID: 0}
  m_PrefabInstance: {fileID: 0}
  m_PrefabAsset: {fileID: 0}
  m_GameObject: {fileID: 2752267084152060035}
  m_LocalRotation: {x: 0, y: -0, z: -0, w: 1}
  m_LocalPosition: {x: -0.00000451714, y: 0.034432735, z: 1.2194334e-10}
  m_LocalScale: {x: 1, y: 1, z: 1}
  m_Children: []
  m_Father: {fileID: 3708055036686542687}
  m_RootOrder: 0
  m_LocalEulerAnglesHint: {x: 0, y: 0, z: 0}
--- !u!1 &2755323600162780430
GameObject:
  m_ObjectHideFlags: 0
  m_CorrespondingSourceObject: {fileID: 0}
  m_PrefabInstance: {fileID: 0}
  m_PrefabAsset: {fileID: 0}
  serializedVersion: 6
  m_Component:
  - component: {fileID: 2818979697158435664}
  m_Layer: 0
  m_Name: RightHandIndex2
  m_TagString: Untagged
  m_Icon: {fileID: 0}
  m_NavMeshLayer: 0
  m_StaticEditorFlags: 0
  m_IsActive: 1
--- !u!4 &2818979697158435664
Transform:
  m_ObjectHideFlags: 0
  m_CorrespondingSourceObject: {fileID: 0}
  m_PrefabInstance: {fileID: 0}
  m_PrefabAsset: {fileID: 0}
  m_GameObject: {fileID: 2755323600162780430}
  m_LocalRotation: {x: 0.7696442, y: -0.000021456917, z: -0.07627902, w: 0.6339001}
  m_LocalPosition: {x: 0.0000073848037, y: 0.04085875, z: -0.000000001008552}
  m_LocalScale: {x: 1, y: 1, z: 1}
  m_Children:
  - {fileID: 5929790732207260013}
  m_Father: {fileID: 7188325070848853095}
  m_RootOrder: 0
  m_LocalEulerAnglesHint: {x: 75.43721, y: -10.165545, z: -13.117516}
--- !u!1 &2828136864614146987
GameObject:
  m_ObjectHideFlags: 0
  m_CorrespondingSourceObject: {fileID: 0}
  m_PrefabInstance: {fileID: 0}
  m_PrefabAsset: {fileID: 0}
  serializedVersion: 6
  m_Component:
  - component: {fileID: 4722284328774704805}
  m_Layer: 0
  m_Name: LeftLeg_IK_BakingLOC
  m_TagString: Untagged
  m_Icon: {fileID: 0}
  m_NavMeshLayer: 0
  m_StaticEditorFlags: 0
  m_IsActive: 1
--- !u!4 &4722284328774704805
Transform:
  m_ObjectHideFlags: 0
  m_CorrespondingSourceObject: {fileID: 0}
  m_PrefabInstance: {fileID: 0}
  m_PrefabAsset: {fileID: 0}
  m_GameObject: {fileID: 2828136864614146987}
  m_LocalRotation: {x: 0, y: -0, z: -0, w: 1}
  m_LocalPosition: {x: -0, y: 0, z: 0.20962411}
  m_LocalScale: {x: 1, y: 1, z: 1}
  m_Children: []
  m_Father: {fileID: 5644715035366608300}
  m_RootOrder: 1
  m_LocalEulerAnglesHint: {x: 0, y: 0, z: 0}
--- !u!1 &3134217852418406882
GameObject:
  m_ObjectHideFlags: 0
  m_CorrespondingSourceObject: {fileID: 0}
  m_PrefabInstance: {fileID: 0}
  m_PrefabAsset: {fileID: 0}
  serializedVersion: 6
  m_Component:
  - component: {fileID: 4955067391217054066}
  m_Layer: 0
  m_Name: RightHandPinky4
  m_TagString: Untagged
  m_Icon: {fileID: 0}
  m_NavMeshLayer: 0
  m_StaticEditorFlags: 0
  m_IsActive: 1
--- !u!4 &4955067391217054066
Transform:
  m_ObjectHideFlags: 0
  m_CorrespondingSourceObject: {fileID: 0}
  m_PrefabInstance: {fileID: 0}
  m_PrefabAsset: {fileID: 0}
  m_GameObject: {fileID: 3134217852418406882}
  m_LocalRotation: {x: 0, y: -0, z: -0, w: 1}
  m_LocalPosition: {x: 0.00005946261, y: 0.028150095, z: 2.1428831e-10}
  m_LocalScale: {x: 1, y: 1, z: 1}
  m_Children: []
  m_Father: {fileID: 3048682872086227157}
  m_RootOrder: 0
  m_LocalEulerAnglesHint: {x: 0, y: 0, z: 0}
--- !u!1 &3408281817389625878
GameObject:
  m_ObjectHideFlags: 0
  m_CorrespondingSourceObject: {fileID: 0}
  m_PrefabInstance: {fileID: 0}
  m_PrefabAsset: {fileID: 0}
  serializedVersion: 6
  m_Component:
  - component: {fileID: 6022591783220531958}
  m_Layer: 0
  m_Name: LeftUpLeg
  m_TagString: Untagged
  m_Icon: {fileID: 0}
  m_NavMeshLayer: 0
  m_StaticEditorFlags: 0
  m_IsActive: 1
--- !u!4 &6022591783220531958
Transform:
  m_ObjectHideFlags: 0
  m_CorrespondingSourceObject: {fileID: 0}
  m_PrefabInstance: {fileID: 0}
  m_PrefabAsset: {fileID: 0}
  m_GameObject: {fileID: 3408281817389625878}
  m_LocalRotation: {x: -0.11095622, y: 0.24069473, z: 0.9567569, w: 0.11987922}
  m_LocalPosition: {x: -0.10601049, y: -0.043029994, z: 0.008036527}
  m_LocalScale: {x: 1, y: 1, z: 1}
  m_Children:
  - {fileID: 5644715035366608300}
  m_Father: {fileID: 4239619822744164746}
  m_RootOrder: 0
  m_LocalEulerAnglesHint: {x: -45.610233, y: -6.7012563, z: 162.7985}
--- !u!1 &3575436494626246022
GameObject:
  m_ObjectHideFlags: 0
  m_CorrespondingSourceObject: {fileID: 0}
  m_PrefabInstance: {fileID: 0}
  m_PrefabAsset: {fileID: 0}
  serializedVersion: 6
  m_Component:
  - component: {fileID: 83374787557617511}
  - component: {fileID: 1865668982963923324}
  m_Layer: 0
  m_Name: AvatarBot
  m_TagString: Untagged
  m_Icon: {fileID: 0}
  m_NavMeshLayer: 0
  m_StaticEditorFlags: 0
  m_IsActive: 1
--- !u!4 &83374787557617511
Transform:
  m_ObjectHideFlags: 0
  m_CorrespondingSourceObject: {fileID: 0}
  m_PrefabInstance: {fileID: 0}
  m_PrefabAsset: {fileID: 0}
  m_GameObject: {fileID: 3575436494626246022}
  m_LocalRotation: {x: 0, y: -0, z: -0, w: 1}
  m_LocalPosition: {x: -0, y: 0, z: 0}
  m_LocalScale: {x: 1, y: 1, z: 1}
  m_Children: []
  m_Father: {fileID: 4868958058319841002}
  m_RootOrder: 0
  m_LocalEulerAnglesHint: {x: 0, y: 0, z: 0}
--- !u!137 &1865668982963923324
SkinnedMeshRenderer:
  m_ObjectHideFlags: 0
  m_CorrespondingSourceObject: {fileID: 0}
  m_PrefabInstance: {fileID: 0}
  m_PrefabAsset: {fileID: 0}
  m_GameObject: {fileID: 3575436494626246022}
  m_Enabled: 1
  m_CastShadows: 1
  m_ReceiveShadows: 1
  m_DynamicOccludee: 1
  m_MotionVectors: 1
  m_LightProbeUsage: 1
  m_ReflectionProbeUsage: 1
  m_RayTracingMode: 0
  m_RayTraceProcedural: 0
  m_RenderingLayerMask: 1
  m_RendererPriority: 0
  m_Materials:
  - {fileID: 2100000, guid: 85e7993fbf21c404384e96f6f806b4fe, type: 2}
  m_StaticBatchInfo:
    firstSubMesh: 0
    subMeshCount: 0
  m_StaticBatchRoot: {fileID: 0}
  m_ProbeAnchor: {fileID: 0}
  m_LightProbeVolumeOverride: {fileID: 0}
  m_ScaleInLightmap: 1
  m_ReceiveGI: 1
  m_PreserveUVs: 0
  m_IgnoreNormalsForChartDetection: 0
  m_ImportantGI: 0
  m_StitchLightmapSeams: 1
  m_SelectedEditorRenderState: 3
  m_MinimumChartSize: 4
  m_AutoUVMaxDistance: 0.5
  m_AutoUVMaxAngle: 89
  m_LightmapParameters: {fileID: 0}
  m_SortingLayerID: 0
  m_SortingLayer: 0
  m_SortingOrder: 0
  serializedVersion: 2
  m_Quality: 0
  m_UpdateWhenOffscreen: 0
  m_SkinnedMotionVectors: 1
  m_Mesh: {fileID: -436981083157321354, guid: 0fb80be089349cb44a7d5c9c9171f5c3, type: 3}
  m_Bones:
  - {fileID: 4239619822744164746}
  - {fileID: 822261626629288596}
  - {fileID: 6072388629881781708}
  - {fileID: 3265812171133765944}
  - {fileID: 7277214954943891928}
  - {fileID: 6024268647824823713}
  - {fileID: 1434777203827357236}
  - {fileID: 4175602592441544754}
  - {fileID: 8690833660306689714}
  - {fileID: 3334374422163512927}
  - {fileID: 6073103636937665441}
  - {fileID: 8320759224298031864}
  - {fileID: 4665719304282182353}
  - {fileID: 9101055974528368712}
  - {fileID: 3554633545283316006}
  - {fileID: 5027278869430948998}
  - {fileID: 358606312710066937}
  - {fileID: 5334872059421634008}
  - {fileID: 8617484849399663084}
  - {fileID: 2405849392998396831}
  - {fileID: 4886909028612339463}
  - {fileID: 7855822891068746899}
  - {fileID: 116681171145237556}
  - {fileID: 1379659213057101025}
  - {fileID: 5260304347640172199}
  - {fileID: 6425929340099441061}
  - {fileID: 317830869522139628}
  - {fileID: 3151741871816985390}
  - {fileID: 2565899955242137013}
  - {fileID: 7618563876828436928}
  - {fileID: 7188325070848853095}
  - {fileID: 2818979697158435664}
  - {fileID: 5929790732207260013}
  - {fileID: 3540610826871737999}
  - {fileID: 5167389821314115866}
  - {fileID: 3708055036686542687}
  - {fileID: 7877287959941867347}
  - {fileID: 3133236827000785522}
  - {fileID: 6774088407078507448}
  - {fileID: 2930879123364234320}
  - {fileID: 7921267437834545988}
  - {fileID: 3048682872086227157}
  - {fileID: 8075472047507423007}
  - {fileID: 1250292526888033879}
  - {fileID: 6022591783220531958}
  - {fileID: 5644715035366608300}
  - {fileID: 7805701273131430716}
  - {fileID: 3169137565678244446}
  - {fileID: 7107819220424420731}
  - {fileID: 1282151117138057363}
  - {fileID: 3242290868607095492}
  - {fileID: 4084162212184216964}
  - {fileID: 7664689885770646410}
  m_BlendShapeWeights: []
  m_RootBone: {fileID: 7664689885770646410}
  m_AABB:
    m_Center: {x: 0.001987815, y: -0.10851538, z: 0.029119149}
    m_Extent: {x: 0.81745195, y: 0.92957747, z: 0.18943241}
  m_DirtyAABB: 0
--- !u!1 &3588562508547148746
GameObject:
  m_ObjectHideFlags: 0
  m_CorrespondingSourceObject: {fileID: 0}
  m_PrefabInstance: {fileID: 0}
  m_PrefabAsset: {fileID: 0}
  serializedVersion: 6
  m_Component:
  - component: {fileID: 244860530807020925}
  m_Layer: 0
  m_Name: RightLeg_IK_BakingLOC
  m_TagString: Untagged
  m_Icon: {fileID: 0}
  m_NavMeshLayer: 0
  m_StaticEditorFlags: 0
  m_IsActive: 1
--- !u!4 &244860530807020925
Transform:
  m_ObjectHideFlags: 0
  m_CorrespondingSourceObject: {fileID: 0}
  m_PrefabInstance: {fileID: 0}
  m_PrefabAsset: {fileID: 0}
  m_GameObject: {fileID: 3588562508547148746}
  m_LocalRotation: {x: 0, y: -0, z: -0, w: 1}
  m_LocalPosition: {x: -0, y: 0, z: 0.20956689}
  m_LocalScale: {x: 1, y: 1, z: 1}
  m_Children: []
  m_Father: {fileID: 1282151117138057363}
  m_RootOrder: 1
  m_LocalEulerAnglesHint: {x: 0, y: 0, z: 0}
--- !u!1 &3896590219800218558
GameObject:
  m_ObjectHideFlags: 0
  m_CorrespondingSourceObject: {fileID: 0}
  m_PrefabInstance: {fileID: 0}
  m_PrefabAsset: {fileID: 0}
  serializedVersion: 6
  m_Component:
  - component: {fileID: 7877287959941867347}
  m_Layer: 0
  m_Name: RightHandRing1
  m_TagString: Untagged
  m_Icon: {fileID: 0}
  m_NavMeshLayer: 0
  m_StaticEditorFlags: 0
  m_IsActive: 1
--- !u!4 &7877287959941867347
Transform:
  m_ObjectHideFlags: 0
  m_CorrespondingSourceObject: {fileID: 0}
  m_PrefabInstance: {fileID: 0}
  m_PrefabAsset: {fileID: 0}
  m_GameObject: {fileID: 3896590219800218558}
  m_LocalRotation: {x: 0.6148219, y: 0.039459243, z: -0.010071626, w: 0.78761387}
  m_LocalPosition: {x: 0.010361353, y: 0.07306891, z: -0.00012975826}
  m_LocalScale: {x: 1, y: 1, z: 1}
  m_Children:
  - {fileID: 3133236827000785522}
  m_Father: {fileID: 317830869522139628}
  m_RootOrder: 3
  m_LocalEulerAnglesHint: {x: 61.028584, y: 5.6874714, z: 0.60838383}
--- !u!1 &4209891465783756883
GameObject:
  m_ObjectHideFlags: 0
  m_CorrespondingSourceObject: {fileID: 0}
  m_PrefabInstance: {fileID: 0}
  m_PrefabAsset: {fileID: 0}
  serializedVersion: 6
  m_Component:
  - component: {fileID: 8617484849399663084}
  m_Layer: 0
  m_Name: LeftHandRing2
  m_TagString: Untagged
  m_Icon: {fileID: 0}
  m_NavMeshLayer: 0
  m_StaticEditorFlags: 0
  m_IsActive: 1
--- !u!4 &8617484849399663084
Transform:
  m_ObjectHideFlags: 0
  m_CorrespondingSourceObject: {fileID: 0}
  m_PrefabInstance: {fileID: 0}
  m_PrefabAsset: {fileID: 0}
  m_GameObject: {fileID: 4209891465783756883}
  m_LocalRotation: {x: 0.74814457, y: 0.0002417744, z: 0.08035366, w: 0.65865237}
  m_LocalPosition: {x: -0.000012135041, y: 0.04276829, z: -0.00000000795936}
  m_LocalScale: {x: 1, y: 1, z: 1}
  m_Children:
  - {fileID: 2405849392998396831}
  m_Father: {fileID: 5334872059421634008}
  m_RootOrder: 0
  m_LocalEulerAnglesHint: {x: 82.66834, y: 39.25075, z: 44.098446}
--- !u!1 &4340701714779096087
GameObject:
  m_ObjectHideFlags: 0
  m_CorrespondingSourceObject: {fileID: 0}
  m_PrefabInstance: {fileID: 0}
  m_PrefabAsset: {fileID: 0}
  serializedVersion: 6
  m_Component:
  - component: {fileID: 7188325070848853095}
  m_Layer: 0
  m_Name: RightHandIndex1
  m_TagString: Untagged
  m_Icon: {fileID: 0}
  m_NavMeshLayer: 0
  m_StaticEditorFlags: 0
  m_IsActive: 1
--- !u!4 &7188325070848853095
Transform:
  m_ObjectHideFlags: 0
  m_CorrespondingSourceObject: {fileID: 0}
  m_PrefabInstance: {fileID: 0}
  m_PrefabAsset: {fileID: 0}
  m_GameObject: {fileID: 4340701714779096087}
  m_LocalRotation: {x: 0.64009917, y: 0.042557526, z: -0.013385582, w: 0.76699597}
  m_LocalPosition: {x: -0.031691138, y: 0.0787984, z: -0.0020243798}
  m_LocalScale: {x: 1, y: 1, z: 1}
  m_Children:
  - {fileID: 2818979697158435664}
  m_Father: {fileID: 317830869522139628}
  m_RootOrder: 0
  m_LocalEulerAnglesHint: {x: 39.44632, y: 3.4765754, z: 8.830956}
--- !u!1 &4794168945050773614
GameObject:
  m_ObjectHideFlags: 0
  m_CorrespondingSourceObject: {fileID: 0}
  m_PrefabInstance: {fileID: 0}
  m_PrefabAsset: {fileID: 0}
  serializedVersion: 6
  m_Component:
  - component: {fileID: 6072388629881781708}
  m_Layer: 0
  m_Name: Spine1
  m_TagString: Untagged
  m_Icon: {fileID: 0}
  m_NavMeshLayer: 0
  m_StaticEditorFlags: 0
  m_IsActive: 1
--- !u!4 &6072388629881781708
Transform:
  m_ObjectHideFlags: 0
  m_CorrespondingSourceObject: {fileID: 0}
  m_PrefabInstance: {fileID: 0}
  m_PrefabAsset: {fileID: 0}
  m_GameObject: {fileID: 4794168945050773614}
  m_LocalRotation: {x: 0.04759604, y: -0.008679032, z: 0.0006179893, w: 0.99882877}
  m_LocalPosition: {x: 9.341139e-15, y: 0.104733616, z: 0.0128054125}
  m_LocalScale: {x: 1, y: 1, z: 1}
  m_Children:
  - {fileID: 3265812171133765944}
  m_Father: {fileID: 822261626629288596}
  m_RootOrder: 0
  m_LocalEulerAnglesHint: {x: 7.1247444, y: -1.5797093, z: -1.1041238}
--- !u!1 &4920537772552868200
GameObject:
  m_ObjectHideFlags: 0
  m_CorrespondingSourceObject: {fileID: 0}
  m_PrefabInstance: {fileID: 0}
  m_PrefabAsset: {fileID: 0}
  serializedVersion: 6
  m_Component:
  - component: {fileID: 9101055974528368712}
  m_Layer: 0
  m_Name: LeftHandIndex3
  m_TagString: Untagged
  m_Icon: {fileID: 0}
  m_NavMeshLayer: 0
  m_StaticEditorFlags: 0
  m_IsActive: 1
--- !u!4 &9101055974528368712
Transform:
  m_ObjectHideFlags: 0
  m_CorrespondingSourceObject: {fileID: 0}
  m_PrefabInstance: {fileID: 0}
  m_PrefabAsset: {fileID: 0}
  m_GameObject: {fileID: 4920537772552868200}
  m_LocalRotation: {x: 0.4064509, y: -0.00011041913, z: 0.040526733, w: 0.91277343}
  m_LocalPosition: {x: 0.0000030289104, y: 0.026221689, z: 0.000000023161483}
  m_LocalScale: {x: 1, y: 1, z: 1}
  m_Children:
  - {fileID: 5767786465773779254}
  m_Father: {fileID: 4665719304282182353}
  m_RootOrder: 0
  m_LocalEulerAnglesHint: {x: 21.11225, y: 0.33181563, z: 1.8138064}
--- !u!1 &4954334762874356839
GameObject:
  m_ObjectHideFlags: 0
  m_CorrespondingSourceObject: {fileID: 0}
  m_PrefabInstance: {fileID: 0}
  m_PrefabAsset: {fileID: 0}
  serializedVersion: 6
  m_Component:
  - component: {fileID: 3169137565678244446}
  m_Layer: 0
  m_Name: LeftToeBase
  m_TagString: Untagged
  m_Icon: {fileID: 0}
  m_NavMeshLayer: 0
  m_StaticEditorFlags: 0
  m_IsActive: 1
--- !u!4 &3169137565678244446
Transform:
  m_ObjectHideFlags: 0
  m_CorrespondingSourceObject: {fileID: 0}
  m_PrefabInstance: {fileID: 0}
  m_PrefabAsset: {fileID: 0}
  m_GameObject: {fileID: 4954334762874356839}
  m_LocalRotation: {x: 0.26296037, y: 0.08952592, z: -0.021870365, w: 0.96039504}
  m_LocalPosition: {x: 2.1884543e-10, y: 0.18800846, z: -0.0000000012610779}
  m_LocalScale: {x: 1, y: 1, z: 1}
  m_Children:
  - {fileID: 2135572473755623644}
  m_Father: {fileID: 7805701273131430716}
  m_RootOrder: 1
  m_LocalEulerAnglesHint: {x: 29.032581, y: 10.639918, z: 0.00007982671}
--- !u!1 &4954360550541296718
GameObject:
  m_ObjectHideFlags: 0
  m_CorrespondingSourceObject: {fileID: 0}
  m_PrefabInstance: {fileID: 0}
  m_PrefabAsset: {fileID: 0}
  serializedVersion: 6
  m_Component:
  - component: {fileID: 7618563876828436928}
  m_Layer: 0
  m_Name: RightHandThumb3
  m_TagString: Untagged
  m_Icon: {fileID: 0}
  m_NavMeshLayer: 0
  m_StaticEditorFlags: 0
  m_IsActive: 1
--- !u!4 &7618563876828436928
Transform:
  m_ObjectHideFlags: 0
  m_CorrespondingSourceObject: {fileID: 0}
  m_PrefabInstance: {fileID: 0}
  m_PrefabAsset: {fileID: 0}
  m_GameObject: {fileID: 4954360550541296718}
  m_LocalRotation: {x: 0.0009271929, y: 0.17504616, z: -0.37185007, w: 0.9116389}
  m_LocalPosition: {x: -0.0001275261, y: 0.03389746, z: -0.00000062020325}
  m_LocalScale: {x: 1, y: 1, z: 1}
  m_Children:
  - {fileID: 2062720767002938411}
  m_Father: {fileID: 2565899955242137013}
  m_RootOrder: 0
  m_LocalEulerAnglesHint: {x: -12.497458, y: -0.2838025, z: -32.753124}
--- !u!1 &5288025942014461162
GameObject:
  m_ObjectHideFlags: 0
  m_CorrespondingSourceObject: {fileID: 0}
  m_PrefabInstance: {fileID: 0}
  m_PrefabAsset: {fileID: 0}
  serializedVersion: 6
  m_Component:
  - component: {fileID: 4239619822744164746}
  m_Layer: 0
  m_Name: Hips
  m_TagString: Untagged
  m_Icon: {fileID: 0}
  m_NavMeshLayer: 0
  m_StaticEditorFlags: 0
  m_IsActive: 1
--- !u!4 &4239619822744164746
Transform:
  m_ObjectHideFlags: 0
  m_CorrespondingSourceObject: {fileID: 0}
  m_PrefabInstance: {fileID: 0}
  m_PrefabAsset: {fileID: 0}
  m_GameObject: {fileID: 5288025942014461162}
  m_LocalRotation: {x: 0, y: -0, z: -0, w: 1}
  m_LocalPosition: {x: -0, y: 0, z: 0}
  m_LocalScale: {x: 1, y: 1, z: 1}
  m_Children:
  - {fileID: 6022591783220531958}
  - {fileID: 7107819220424420731}
  m_Father: {fileID: 7664689885770646410}
  m_RootOrder: 0
  m_LocalEulerAnglesHint: {x: 0, y: 0, z: 0}
--- !u!1 &5299535303500018588
GameObject:
  m_ObjectHideFlags: 0
  m_CorrespondingSourceObject: {fileID: 0}
  m_PrefabInstance: {fileID: 0}
  m_PrefabAsset: {fileID: 0}
  serializedVersion: 6
  m_Component:
  - component: {fileID: 6774088407078507448}
  m_Layer: 0
  m_Name: RightHandRing3
  m_TagString: Untagged
  m_Icon: {fileID: 0}
  m_NavMeshLayer: 0
  m_StaticEditorFlags: 0
  m_IsActive: 1
--- !u!4 &6774088407078507448
Transform:
  m_ObjectHideFlags: 0
  m_CorrespondingSourceObject: {fileID: 0}
  m_PrefabInstance: {fileID: 0}
  m_PrefabAsset: {fileID: 0}
  m_GameObject: {fileID: 5299535303500018588}
  m_LocalRotation: {x: 0.5017926, y: 0.0069816206, z: -0.04761269, w: 0.8636484}
  m_LocalPosition: {x: 0.000020003905, y: 0.03224583, z: -0.0000000013662717}
  m_LocalScale: {x: 1, y: 1, z: 1}
  m_Children:
  - {fileID: 8103408977447687770}
  m_Father: {fileID: 3133236827000785522}
  m_RootOrder: 0
  m_LocalEulerAnglesHint: {x: 26.795954, y: -0.44377592, z: -1.8615283}
--- !u!1 &5497564791454577658
GameObject:
  m_ObjectHideFlags: 0
  m_CorrespondingSourceObject: {fileID: 0}
  m_PrefabInstance: {fileID: 0}
  m_PrefabAsset: {fileID: 0}
  serializedVersion: 6
  m_Component:
  - component: {fileID: 4501754444427459686}
  m_Layer: 0
  m_Name: HeadTop_End
  m_TagString: Untagged
  m_Icon: {fileID: 0}
  m_NavMeshLayer: 0
  m_StaticEditorFlags: 0
  m_IsActive: 1
--- !u!4 &4501754444427459686
Transform:
  m_ObjectHideFlags: 0
  m_CorrespondingSourceObject: {fileID: 0}
  m_PrefabInstance: {fileID: 0}
  m_PrefabAsset: {fileID: 0}
  m_GameObject: {fileID: 5497564791454577658}
  m_LocalRotation: {x: 6.938894e-18, y: -0, z: -0, w: 1}
  m_LocalPosition: {x: -0, y: 0.21630813, z: 0.077646874}
  m_LocalScale: {x: 1, y: 1, z: 1}
  m_Children: []
  m_Father: {fileID: 1250292526888033879}
  m_RootOrder: 0
  m_LocalEulerAnglesHint: {x: 0, y: 0, z: 0}
--- !u!1 &5698742013663341213
GameObject:
  m_ObjectHideFlags: 0
  m_CorrespondingSourceObject: {fileID: 0}
  m_PrefabInstance: {fileID: 0}
  m_PrefabAsset: {fileID: 0}
  serializedVersion: 6
  m_Component:
  - component: {fileID: 8320759224298031864}
  m_Layer: 0
  m_Name: LeftHandIndex1
  m_TagString: Untagged
  m_Icon: {fileID: 0}
  m_NavMeshLayer: 0
  m_StaticEditorFlags: 0
  m_IsActive: 1
--- !u!4 &8320759224298031864
Transform:
  m_ObjectHideFlags: 0
  m_CorrespondingSourceObject: {fileID: 0}
  m_PrefabInstance: {fileID: 0}
  m_PrefabAsset: {fileID: 0}
  m_GameObject: {fileID: 5698742013663341213}
  m_LocalRotation: {x: 0.604057, y: -0.041932598, z: 0.006191403, w: 0.7958131}
  m_LocalPosition: {x: 0.032200973, y: 0.074093305, z: -0.0024142521}
  m_LocalScale: {x: 1, y: 1, z: 1}
  m_Children:
  - {fileID: 4665719304282182353}
  m_Father: {fileID: 4175602592441544754}
  m_RootOrder: 0
  m_LocalEulerAnglesHint: {x: 41.114067, y: -3.4792705, z: -7.9973726}
--- !u!1 &6048440039081355247
GameObject:
  m_ObjectHideFlags: 0
  m_CorrespondingSourceObject: {fileID: 0}
  m_PrefabInstance: {fileID: 0}
  m_PrefabAsset: {fileID: 0}
  serializedVersion: 6
  m_Component:
  - component: {fileID: 3540610826871737999}
  m_Layer: 0
  m_Name: RightHandMiddle1
  m_TagString: Untagged
  m_Icon: {fileID: 0}
  m_NavMeshLayer: 0
  m_StaticEditorFlags: 0
  m_IsActive: 1
--- !u!4 &3540610826871737999
Transform:
  m_ObjectHideFlags: 0
  m_CorrespondingSourceObject: {fileID: 0}
  m_PrefabInstance: {fileID: 0}
  m_PrefabAsset: {fileID: 0}
  m_GameObject: {fileID: 6048440039081355247}
  m_LocalRotation: {x: 0.64516383, y: 0.04184819, z: -0.014688705, w: 0.762756}
  m_LocalPosition: {x: -0.010222722, y: 0.07765229, z: 0.00056602457}
  m_LocalScale: {x: 1, y: 1, z: 1}
  m_Children:
  - {fileID: 5167389821314115866}
  m_Father: {fileID: 317830869522139628}
  m_RootOrder: 1
  m_LocalEulerAnglesHint: {x: 52.74855, y: 4.6231937, z: 4.051674}
--- !u!1 &6220968572571888015
GameObject:
  m_ObjectHideFlags: 0
  m_CorrespondingSourceObject: {fileID: 0}
  m_PrefabInstance: {fileID: 0}
  m_PrefabAsset: {fileID: 0}
  serializedVersion: 6
  m_Component:
  - component: {fileID: 3265812171133765944}
  m_Layer: 0
  m_Name: Spine2
  m_TagString: Untagged
  m_Icon: {fileID: 0}
  m_NavMeshLayer: 0
  m_StaticEditorFlags: 0
  m_IsActive: 1
--- !u!4 &3265812171133765944
Transform:
  m_ObjectHideFlags: 0
  m_CorrespondingSourceObject: {fileID: 0}
  m_PrefabInstance: {fileID: 0}
  m_PrefabAsset: {fileID: 0}
  m_GameObject: {fileID: 6220968572571888015}
  m_LocalRotation: {x: 0.0049772626, y: -0.008618304, z: 0.0010395929, w: 0.99994993}
  m_LocalPosition: {x: -3.0959955e-14, y: 0.1375008, z: 0.008978979}
  m_LocalScale: {x: 1, y: 1, z: 1}
  m_Children:
  - {fileID: 7277214954943891928}
  - {fileID: 8075472047507423007}
  - {fileID: 1379659213057101025}
  m_Father: {fileID: 6072388629881781708}
  m_RootOrder: 0
  m_LocalEulerAnglesHint: {x: 2.2030783, y: -1.6464559, z: -0.92164433}
--- !u!1 &6380264447670262376
GameObject:
  m_ObjectHideFlags: 0
  m_CorrespondingSourceObject: {fileID: 0}
  m_PrefabInstance: {fileID: 0}
  m_PrefabAsset: {fileID: 0}
  serializedVersion: 6
  m_Component:
  - component: {fileID: 4665719304282182353}
  m_Layer: 0
  m_Name: LeftHandIndex2
  m_TagString: Untagged
  m_Icon: {fileID: 0}
  m_NavMeshLayer: 0
  m_StaticEditorFlags: 0
  m_IsActive: 1
--- !u!4 &4665719304282182353
Transform:
  m_ObjectHideFlags: 0
  m_CorrespondingSourceObject: {fileID: 0}
  m_PrefabInstance: {fileID: 0}
  m_PrefabAsset: {fileID: 0}
  m_GameObject: {fileID: 6380264447670262376}
  m_LocalRotation: {x: 0.7661929, y: 0.00013204897, z: 0.07632656, w: 0.63806164}
  m_LocalPosition: {x: -0.000017751876, y: 0.04034459, z: -0.000000008835037}
  m_LocalScale: {x: 1, y: 1, z: 1}
  m_Children:
  - {fileID: 9101055974528368712}
  m_Father: {fileID: 8320759224298031864}
  m_RootOrder: 0
  m_LocalEulerAnglesHint: {x: 75.21102, y: 13.957592, z: 18.039667}
--- !u!1 &6437386551337627669
GameObject:
  m_ObjectHideFlags: 0
  m_CorrespondingSourceObject: {fileID: 0}
  m_PrefabInstance: {fileID: 0}
  m_PrefabAsset: {fileID: 0}
  serializedVersion: 6
  m_Component:
  - component: {fileID: 8075472047507423007}
  m_Layer: 0
  m_Name: Neck
  m_TagString: Untagged
  m_Icon: {fileID: 0}
  m_NavMeshLayer: 0
  m_StaticEditorFlags: 0
  m_IsActive: 1
--- !u!4 &8075472047507423007
Transform:
  m_ObjectHideFlags: 0
  m_CorrespondingSourceObject: {fileID: 0}
  m_PrefabInstance: {fileID: 0}
  m_PrefabAsset: {fileID: 0}
  m_GameObject: {fileID: 6437386551337627669}
  m_LocalRotation: {x: 0.068362996, y: -0.022939298, z: 0.031843018, w: 0.99688834}
  m_LocalPosition: {x: -1.8697293e-13, y: 0.22136812, z: -0.04185316}
  m_LocalScale: {x: 1, y: 1, z: 1}
  m_Children:
  - {fileID: 1250292526888033879}
  m_Father: {fileID: 3265812171133765944}
  m_RootOrder: 1
  m_LocalEulerAnglesHint: {x: -0.21553119, y: -3.691741, z: 0.7002827}
--- !u!1 &6459700680471112868
GameObject:
  m_ObjectHideFlags: 0
  m_CorrespondingSourceObject: {fileID: 0}
  m_PrefabInstance: {fileID: 0}
  m_PrefabAsset: {fileID: 0}
  serializedVersion: 6
  m_Component:
  - component: {fileID: 4084162212184216964}
  m_Layer: 0
  m_Name: RightToeBase
  m_TagString: Untagged
  m_Icon: {fileID: 0}
  m_NavMeshLayer: 0
  m_StaticEditorFlags: 0
  m_IsActive: 1
--- !u!4 &4084162212184216964
Transform:
  m_ObjectHideFlags: 0
  m_CorrespondingSourceObject: {fileID: 0}
  m_PrefabInstance: {fileID: 0}
  m_PrefabAsset: {fileID: 0}
  m_GameObject: {fileID: 6459700680471112868}
  m_LocalRotation: {x: 0.29259476, y: -0.088738196, z: 0.01808476, w: 0.95193845}
  m_LocalPosition: {x: -1.697906e-10, y: 0.19030759, z: -0.000000006079217}
  m_LocalScale: {x: 1, y: 1, z: 1}
  m_Children:
  - {fileID: 6907469066589153862}
  m_Father: {fileID: 3242290868607095492}
  m_RootOrder: 1
  m_LocalEulerAnglesHint: {x: 44.171864, y: -12.303071, z: -3.8825636}
--- !u!1 &6658620416685226939
GameObject:
  m_ObjectHideFlags: 0
  m_CorrespondingSourceObject: {fileID: 0}
  m_PrefabInstance: {fileID: 0}
  m_PrefabAsset: {fileID: 0}
  serializedVersion: 6
  m_Component:
  - component: {fileID: 7784576451524278031}
  m_Layer: 0
  m_Name: LeftHandRing4
  m_TagString: Untagged
  m_Icon: {fileID: 0}
  m_NavMeshLayer: 0
  m_StaticEditorFlags: 0
  m_IsActive: 1
--- !u!4 &7784576451524278031
Transform:
  m_ObjectHideFlags: 0
  m_CorrespondingSourceObject: {fileID: 0}
  m_PrefabInstance: {fileID: 0}
  m_PrefabAsset: {fileID: 0}
  m_GameObject: {fileID: 6658620416685226939}
  m_LocalRotation: {x: 0, y: -0, z: -0, w: 1}
  m_LocalPosition: {x: 0.000023666009, y: 0.031990364, z: 2.601112e-10}
  m_LocalScale: {x: 1, y: 1, z: 1}
  m_Children: []
  m_Father: {fileID: 2405849392998396831}
  m_RootOrder: 0
  m_LocalEulerAnglesHint: {x: 0, y: 0, z: 0}
--- !u!1 &6831500358751551053
GameObject:
  m_ObjectHideFlags: 0
  m_CorrespondingSourceObject: {fileID: 0}
  m_PrefabInstance: {fileID: 0}
  m_PrefabAsset: {fileID: 0}
  serializedVersion: 6
  m_Component:
  - component: {fileID: 5027278869430948998}
  m_Layer: 0
  m_Name: LeftHandMiddle2
  m_TagString: Untagged
  m_Icon: {fileID: 0}
  m_NavMeshLayer: 0
  m_StaticEditorFlags: 0
  m_IsActive: 1
--- !u!4 &5027278869430948998
Transform:
  m_ObjectHideFlags: 0
  m_CorrespondingSourceObject: {fileID: 0}
  m_PrefabInstance: {fileID: 0}
  m_PrefabAsset: {fileID: 0}
  m_GameObject: {fileID: 6831500358751551053}
  m_LocalRotation: {x: 0.77787316, y: 0.000101741105, z: 0.078566894, w: 0.6234907}
  m_LocalPosition: {x: 0.000016228612, y: 0.04625523, z: -0.000000010078835}
  m_LocalScale: {x: 1, y: 1, z: 1}
  m_Children:
  - {fileID: 358606312710066937}
  m_Father: {fileID: 3554633545283316006}
  m_RootOrder: 0
  m_LocalEulerAnglesHint: {x: 75.17772, y: 14.084735, z: 18.219296}
--- !u!1 &6892545929570417663
GameObject:
  m_ObjectHideFlags: 0
  m_CorrespondingSourceObject: {fileID: 0}
  m_PrefabInstance: {fileID: 0}
  m_PrefabAsset: {fileID: 0}
  serializedVersion: 6
  m_Component:
  - component: {fileID: 1282151117138057363}
  m_Layer: 0
  m_Name: RightLeg
  m_TagString: Untagged
  m_Icon: {fileID: 0}
  m_NavMeshLayer: 0
  m_StaticEditorFlags: 0
  m_IsActive: 1
--- !u!4 &1282151117138057363
Transform:
  m_ObjectHideFlags: 0
  m_CorrespondingSourceObject: {fileID: 0}
  m_PrefabInstance: {fileID: 0}
  m_PrefabAsset: {fileID: 0}
  m_GameObject: {fileID: 6892545929570417663}
  m_LocalRotation: {x: -0.38531306, y: -0.0058863913, z: 0.07438856, w: 0.91976386}
  m_LocalPosition: {x: 0.00021190131, y: 0.41913372, z: -0.00014149686}
  m_LocalScale: {x: 1, y: 1, z: 1}
  m_Children:
  - {fileID: 3242290868607095492}
  - {fileID: 244860530807020925}
  m_Father: {fileID: 7107819220424420731}
  m_RootOrder: 0
  m_LocalEulerAnglesHint: {x: -44.853596, y: -13.453229, z: 11.770646}
--- !u!1 &6919696273167565923
GameObject:
  m_ObjectHideFlags: 0
  m_CorrespondingSourceObject: {fileID: 0}
  m_PrefabInstance: {fileID: 0}
  m_PrefabAsset: {fileID: 0}
  serializedVersion: 6
  m_Component:
  - component: {fileID: 5120060767995485017}
  m_Layer: 0
  m_Name: LeftHandMiddle4
  m_TagString: Untagged
  m_Icon: {fileID: 0}
  m_NavMeshLayer: 0
  m_StaticEditorFlags: 0
  m_IsActive: 1
--- !u!4 &5120060767995485017
Transform:
  m_ObjectHideFlags: 0
  m_CorrespondingSourceObject: {fileID: 0}
  m_PrefabInstance: {fileID: 0}
  m_PrefabAsset: {fileID: 0}
  m_GameObject: {fileID: 6919696273167565923}
  m_LocalRotation: {x: 0, y: -0, z: -0, w: 1}
  m_LocalPosition: {x: 0.000009610448, y: 0.036145102, z: 8.694343e-11}
  m_LocalScale: {x: 1, y: 1, z: 1}
  m_Children: []
  m_Father: {fileID: 358606312710066937}
  m_RootOrder: 0
  m_LocalEulerAnglesHint: {x: 0, y: 0, z: 0}
--- !u!1 &7173563053663268878
GameObject:
  m_ObjectHideFlags: 0
  m_CorrespondingSourceObject: {fileID: 0}
  m_PrefabInstance: {fileID: 0}
  m_PrefabAsset: {fileID: 0}
  serializedVersion: 6
  m_Component:
  - component: {fileID: 7805701273131430716}
  m_Layer: 0
  m_Name: LeftFoot
  m_TagString: Untagged
  m_Icon: {fileID: 0}
  m_NavMeshLayer: 0
  m_StaticEditorFlags: 0
  m_IsActive: 1
--- !u!4 &7805701273131430716
Transform:
  m_ObjectHideFlags: 0
  m_CorrespondingSourceObject: {fileID: 0}
  m_PrefabInstance: {fileID: 0}
  m_PrefabAsset: {fileID: 0}
  m_GameObject: {fileID: 7173563053663268878}
  m_LocalRotation: {x: 0.68124413, y: -0.05580868, z: 0.15096755, w: 0.7141433}
  m_LocalPosition: {x: -1.672423e-10, y: 0.39707705, z: -1.5657026e-10}
  m_LocalScale: {x: 1, y: 1, z: 1}
  m_Children:
  - {fileID: 8888122545311084715}
  - {fileID: 3169137565678244446}
  m_Father: {fileID: 5644715035366608300}
  m_RootOrder: 0
  m_LocalEulerAnglesHint: {x: 63.53853, y: 17.362011, z: 22.83192}
--- !u!1 &7212213751233976208
GameObject:
  m_ObjectHideFlags: 0
  m_CorrespondingSourceObject: {fileID: 0}
  m_PrefabInstance: {fileID: 0}
  m_PrefabAsset: {fileID: 0}
  serializedVersion: 6
  m_Component:
  - component: {fileID: 2062720767002938411}
  m_Layer: 0
  m_Name: RightHandThumb4
  m_TagString: Untagged
  m_Icon: {fileID: 0}
  m_NavMeshLayer: 0
  m_StaticEditorFlags: 0
  m_IsActive: 1
--- !u!4 &2062720767002938411
Transform:
  m_ObjectHideFlags: 0
  m_CorrespondingSourceObject: {fileID: 0}
  m_PrefabInstance: {fileID: 0}
  m_PrefabAsset: {fileID: 0}
  m_GameObject: {fileID: 7212213751233976208}
  m_LocalRotation: {x: 0, y: -0, z: -0, w: 1}
  m_LocalPosition: {x: 0.00543006, y: 0.028629266, z: 7.0296974e-10}
  m_LocalScale: {x: 1, y: 1, z: 1}
  m_Children: []
  m_Father: {fileID: 7618563876828436928}
  m_RootOrder: 0
  m_LocalEulerAnglesHint: {x: 0, y: 0, z: 0}
--- !u!1 &7389524709245766440
GameObject:
  m_ObjectHideFlags: 0
  m_CorrespondingSourceObject: {fileID: 0}
  m_PrefabInstance: {fileID: 0}
  m_PrefabAsset: {fileID: 0}
  serializedVersion: 6
  m_Component:
  - component: {fileID: 3708055036686542687}
  m_Layer: 0
  m_Name: RightHandMiddle3
  m_TagString: Untagged
  m_Icon: {fileID: 0}
  m_NavMeshLayer: 0
  m_StaticEditorFlags: 0
  m_IsActive: 1
--- !u!4 &3708055036686542687
Transform:
  m_ObjectHideFlags: 0
  m_CorrespondingSourceObject: {fileID: 0}
  m_PrefabInstance: {fileID: 0}
  m_PrefabAsset: {fileID: 0}
  m_GameObject: {fileID: 7389524709245766440}
  m_LocalRotation: {x: 0.39743415, y: -0.0011372223, z: -0.04092095, w: 0.9167172}
  m_LocalPosition: {x: 0.000009277935, y: 0.03375858, z: 0.0000000036416892}
  m_LocalScale: {x: 1, y: 1, z: 1}
  m_Children:
  - {fileID: 209555576573735577}
  m_Father: {fileID: 5167389821314115866}
  m_RootOrder: 0
  m_LocalEulerAnglesHint: {x: 21.133974, y: -0.25821832, z: -1.3760492}
--- !u!1 &7504532771499562485
GameObject:
  m_ObjectHideFlags: 0
  m_CorrespondingSourceObject: {fileID: 0}
  m_PrefabInstance: {fileID: 0}
  m_PrefabAsset: {fileID: 0}
  serializedVersion: 6
  m_Component:
  - component: {fileID: 3707338435539009969}
  m_Layer: 0
  m_Name: RightFoot_IK_BakingLOC
  m_TagString: Untagged
  m_Icon: {fileID: 0}
  m_NavMeshLayer: 0
  m_StaticEditorFlags: 0
  m_IsActive: 1
--- !u!4 &3707338435539009969
Transform:
  m_ObjectHideFlags: 0
  m_CorrespondingSourceObject: {fileID: 0}
  m_PrefabInstance: {fileID: 0}
  m_PrefabAsset: {fileID: 0}
  m_GameObject: {fileID: 7504532771499562485}
  m_LocalRotation: {x: 0.010135026, y: 0.49167827, z: 0.87069917, w: -0.0057231844}
  m_LocalPosition: {x: 0.00000022614879, y: 0.0000011468935, z: -0.00000122413}
  m_LocalScale: {x: 1, y: 1, z: 1}
  m_Children: []
  m_Father: {fileID: 3242290868607095492}
  m_RootOrder: 0
  m_LocalEulerAnglesHint: {x: 0, y: 0, z: 0}
--- !u!1 &7831126793757708219
GameObject:
  m_ObjectHideFlags: 0
  m_CorrespondingSourceObject: {fileID: 0}
  m_PrefabInstance: {fileID: 0}
  m_PrefabAsset: {fileID: 0}
  serializedVersion: 6
  m_Component:
  - component: {fileID: 5767786465773779254}
  m_Layer: 0
  m_Name: LeftHandIndex4
  m_TagString: Untagged
  m_Icon: {fileID: 0}
  m_NavMeshLayer: 0
  m_StaticEditorFlags: 0
  m_IsActive: 1
--- !u!4 &5767786465773779254
Transform:
  m_ObjectHideFlags: 0
  m_CorrespondingSourceObject: {fileID: 0}
  m_PrefabInstance: {fileID: 0}
  m_PrefabAsset: {fileID: 0}
  m_GameObject: {fileID: 7831126793757708219}
  m_LocalRotation: {x: 0, y: -0, z: -0, w: 1}
  m_LocalPosition: {x: 0.000010755247, y: 0.02739627, z: 0.000000011847374}
  m_LocalScale: {x: 1, y: 1, z: 1}
  m_Children: []
  m_Father: {fileID: 9101055974528368712}
  m_RootOrder: 0
  m_LocalEulerAnglesHint: {x: 0, y: 0, z: 0}
--- !u!1 &8023325842256372827
GameObject:
  m_ObjectHideFlags: 0
  m_CorrespondingSourceObject: {fileID: 0}
  m_PrefabInstance: {fileID: 0}
  m_PrefabAsset: {fileID: 0}
  serializedVersion: 6
  m_Component:
  - component: {fileID: 7792269449893091621}
  m_Layer: 0
  m_Name: RightHandIndex4
  m_TagString: Untagged
  m_Icon: {fileID: 0}
  m_NavMeshLayer: 0
  m_StaticEditorFlags: 0
  m_IsActive: 1
--- !u!4 &7792269449893091621
Transform:
  m_ObjectHideFlags: 0
  m_CorrespondingSourceObject: {fileID: 0}
  m_PrefabInstance: {fileID: 0}
  m_PrefabAsset: {fileID: 0}
  m_GameObject: {fileID: 8023325842256372827}
  m_LocalRotation: {x: 0, y: -0, z: -0, w: 1}
  m_LocalPosition: {x: -0.0000028753368, y: 0.027188182, z: 2.7155805e-11}
  m_LocalScale: {x: 1, y: 1, z: 1}
  m_Children: []
  m_Father: {fileID: 5929790732207260013}
  m_RootOrder: 0
  m_LocalEulerAnglesHint: {x: 0, y: 0, z: 0}
--- !u!1 &8084166980107359047
GameObject:
  m_ObjectHideFlags: 0
  m_CorrespondingSourceObject: {fileID: 0}
  m_PrefabInstance: {fileID: 0}
  m_PrefabAsset: {fileID: 0}
  serializedVersion: 6
  m_Component:
  - component: {fileID: 7855822891068746899}
  m_Layer: 0
  m_Name: LeftHandPinky2
  m_TagString: Untagged
  m_Icon: {fileID: 0}
  m_NavMeshLayer: 0
  m_StaticEditorFlags: 0
  m_IsActive: 1
--- !u!4 &7855822891068746899
Transform:
  m_ObjectHideFlags: 0
  m_CorrespondingSourceObject: {fileID: 0}
  m_PrefabInstance: {fileID: 0}
  m_PrefabAsset: {fileID: 0}
  m_GameObject: {fileID: 8084166980107359047}
  m_LocalRotation: {x: 0.63653934, y: -0.023131609, z: 0.038465377, w: 0.7699371}
  m_LocalPosition: {x: 0.000042857824, y: 0.032586318, z: 0.000000008374848}
  m_LocalScale: {x: 1, y: 1, z: 1}
  m_Children:
  - {fileID: 116681171145237556}
  m_Father: {fileID: 4886909028612339463}
  m_RootOrder: 0
  m_LocalEulerAnglesHint: {x: 82.28807, y: 34.286842, z: 38.96533}
--- !u!1 &8487414299444704505
GameObject:
  m_ObjectHideFlags: 0
  m_CorrespondingSourceObject: {fileID: 0}
  m_PrefabInstance: {fileID: 0}
  m_PrefabAsset: {fileID: 0}
  serializedVersion: 6
  m_Component:
  - component: {fileID: 4868958058319841002}
  - component: {fileID: 3249347470626040720}
  - component: {fileID: 1848033777}
  - component: {fileID: 6875407823348523802}
  - component: {fileID: 1624868376}
  m_Layer: 0
  m_Name: HumanoidBotAvatar_02
  m_TagString: Untagged
  m_Icon: {fileID: 0}
  m_NavMeshLayer: 0
  m_StaticEditorFlags: 0
  m_IsActive: 1
--- !u!4 &4868958058319841002
Transform:
  m_ObjectHideFlags: 0
  m_CorrespondingSourceObject: {fileID: 0}
  m_PrefabInstance: {fileID: 0}
  m_PrefabAsset: {fileID: 0}
  m_GameObject: {fileID: 8487414299444704505}
  m_LocalRotation: {x: 0, y: 0, z: 0, w: 1}
  m_LocalPosition: {x: 0.21, y: 0, z: 0}
  m_LocalScale: {x: 1, y: 1, z: 1}
  m_Children:
  - {fileID: 83374787557617511}
  - {fileID: 7664689885770646410}
  - {fileID: 2063999136}
  m_Father: {fileID: 0}
  m_RootOrder: 0
  m_LocalEulerAnglesHint: {x: 0, y: 0, z: 0}
--- !u!95 &3249347470626040720
Animator:
  serializedVersion: 3
  m_ObjectHideFlags: 0
  m_CorrespondingSourceObject: {fileID: 0}
  m_PrefabInstance: {fileID: 0}
  m_PrefabAsset: {fileID: 0}
  m_GameObject: {fileID: 8487414299444704505}
  m_Enabled: 1
  m_Avatar: {fileID: 0}
  m_Controller: {fileID: 9100000, guid: f9cd0a41fbbdf3a459ecba85d64cd8c8, type: 2}
  m_CullingMode: 1
  m_UpdateMode: 0
  m_ApplyRootMotion: 1
  m_LinearVelocityBlending: 0
  m_WarningMessage: 
  m_HasTransformHierarchy: 1
  m_AllowConstantClipSamplingOptimization: 1
  m_KeepAnimatorControllerStateOnDisable: 0
--- !u!114 &1848033777
MonoBehaviour:
  m_ObjectHideFlags: 0
  m_CorrespondingSourceObject: {fileID: 0}
  m_PrefabInstance: {fileID: 0}
  m_PrefabAsset: {fileID: 0}
  m_GameObject: {fileID: 8487414299444704505}
  m_Enabled: 1
  m_EditorHideFlags: 0
  m_Script: {fileID: 11500000, guid: 19e907da0f0d38e458b1dd5f61776199, type: 3}
  m_Name: 
  m_EditorClassIdentifier: 
  projectile: {fileID: 3188113197297145765, guid: 25f26a32d7c920f4a910df670ea12ed9, type: 3}
  leftHand: {fileID: 627033560932262045}
  rightFoot: {fileID: 1558311329875101536}
  gameController: {fileID: 0}
  targetMarker: {fileID: 0}
  target: {fileID: 0}
  tparam: 0.5
  speed: 8
  animator: {fileID: 3249347470626040720}
--- !u!64 &6875407823348523802
MeshCollider:
  m_ObjectHideFlags: 0
  m_CorrespondingSourceObject: {fileID: 0}
  m_PrefabInstance: {fileID: 0}
  m_PrefabAsset: {fileID: 0}
  m_GameObject: {fileID: 8487414299444704505}
  m_Material: {fileID: 0}
  m_IsTrigger: 0
  m_Enabled: 1
  serializedVersion: 4
  m_Convex: 1
  m_CookingOptions: 30
  m_Mesh: {fileID: -436981083157321354, guid: 0fb80be089349cb44a7d5c9c9171f5c3, type: 3}
--- !u!54 &1624868376
Rigidbody:
  m_ObjectHideFlags: 0
  m_CorrespondingSourceObject: {fileID: 0}
  m_PrefabInstance: {fileID: 0}
  m_PrefabAsset: {fileID: 0}
  m_GameObject: {fileID: 8487414299444704505}
  serializedVersion: 2
  m_Mass: 1
  m_Drag: 0
  m_AngularDrag: 0
  m_UseGravity: 0
  m_IsKinematic: 0
  m_Interpolate: 0
  m_Constraints: 116
  m_CollisionDetection: 0
--- !u!1 &8547765163828640056
GameObject:
  m_ObjectHideFlags: 0
  m_CorrespondingSourceObject: {fileID: 0}
  m_PrefabInstance: {fileID: 0}
  m_PrefabAsset: {fileID: 0}
  serializedVersion: 6
  m_Component:
  - component: {fileID: 3554633545283316006}
  m_Layer: 0
  m_Name: LeftHandMiddle1
  m_TagString: Untagged
  m_Icon: {fileID: 0}
  m_NavMeshLayer: 0
  m_StaticEditorFlags: 0
  m_IsActive: 1
--- !u!4 &3554633545283316006
Transform:
  m_ObjectHideFlags: 0
  m_CorrespondingSourceObject: {fileID: 0}
  m_PrefabInstance: {fileID: 0}
  m_PrefabAsset: {fileID: 0}
  m_GameObject: {fileID: 8547765163828640056}
  m_LocalRotation: {x: 0.58631474, y: -0.03983619, z: 0.003955756, w: 0.8090936}
  m_LocalPosition: {x: 0.009902293, y: 0.07311762, z: 0.0015489805}
  m_LocalScale: {x: 1, y: 1, z: 1}
  m_Children:
  - {fileID: 5027278869430948998}
  m_Father: {fileID: 4175602592441544754}
  m_RootOrder: 1
  m_LocalEulerAnglesHint: {x: 54.30463, y: -4.290871, z: -2.6795177}
--- !u!1 &8690969502038480124
GameObject:
  m_ObjectHideFlags: 0
  m_CorrespondingSourceObject: {fileID: 0}
  m_PrefabInstance: {fileID: 0}
  m_PrefabAsset: {fileID: 0}
  serializedVersion: 6
  m_Component:
  - component: {fileID: 1250292526888033879}
  m_Layer: 0
  m_Name: Head
  m_TagString: Untagged
  m_Icon: {fileID: 0}
  m_NavMeshLayer: 0
  m_StaticEditorFlags: 0
  m_IsActive: 1
--- !u!4 &1250292526888033879
Transform:
  m_ObjectHideFlags: 0
  m_CorrespondingSourceObject: {fileID: 0}
  m_PrefabInstance: {fileID: 0}
  m_PrefabAsset: {fileID: 0}
  m_GameObject: {fileID: 8690969502038480124}
  m_LocalRotation: {x: 0.05346427, y: -0.022461118, z: 0.03218223, w: 0.9977983}
  m_LocalPosition: {x: 5.551115e-19, y: 0.08370239, z: 0.030046165}
  m_LocalScale: {x: 1, y: 1, z: 1}
  m_Children:
  - {fileID: 4501754444427459686}
  m_Father: {fileID: 8075472047507423007}
  m_RootOrder: 0
  m_LocalEulerAnglesHint: {x: -1.8910161, y: -3.714967, z: 0.81995195}
--- !u!1 &8700668401256055486
GameObject:
  m_ObjectHideFlags: 0
  m_CorrespondingSourceObject: {fileID: 0}
  m_PrefabInstance: {fileID: 0}
  m_PrefabAsset: {fileID: 0}
  serializedVersion: 6
  m_Component:
  - component: {fileID: 8888122545311084715}
  m_Layer: 0
  m_Name: LeftFoot_IK_BakingLOC
  m_TagString: Untagged
  m_Icon: {fileID: 0}
  m_NavMeshLayer: 0
  m_StaticEditorFlags: 0
  m_IsActive: 1
--- !u!4 &8888122545311084715
Transform:
  m_ObjectHideFlags: 0
  m_CorrespondingSourceObject: {fileID: 0}
  m_PrefabInstance: {fileID: 0}
  m_PrefabAsset: {fileID: 0}
  m_GameObject: {fileID: 8700668401256055486}
  m_LocalRotation: {x: -0.0101370495, y: 0.48845968, z: 0.8725091, w: 0.0056750583}
  m_LocalPosition: {x: -0.00000003327123, y: 0.00000006967851, z: 0.00000011069735}
  m_LocalScale: {x: 1, y: 1, z: 1}
  m_Children: []
  m_Father: {fileID: 7805701273131430716}
  m_RootOrder: 0
  m_LocalEulerAnglesHint: {x: 0, y: 0, z: 0}
--- !u!1 &8731522338603068870
GameObject:
  m_ObjectHideFlags: 0
  m_CorrespondingSourceObject: {fileID: 0}
  m_PrefabInstance: {fileID: 0}
  m_PrefabAsset: {fileID: 0}
  serializedVersion: 6
  m_Component:
  - component: {fileID: 5929790732207260013}
  m_Layer: 0
  m_Name: RightHandIndex3
  m_TagString: Untagged
  m_Icon: {fileID: 0}
  m_NavMeshLayer: 0
  m_StaticEditorFlags: 0
  m_IsActive: 1
--- !u!4 &5929790732207260013
Transform:
  m_ObjectHideFlags: 0
  m_CorrespondingSourceObject: {fileID: 0}
  m_PrefabInstance: {fileID: 0}
  m_PrefabAsset: {fileID: 0}
  m_GameObject: {fileID: 8731522338603068870}
  m_LocalRotation: {x: 0.4960902, y: 0.00005671259, z: -0.049105443, w: 0.8668813}
  m_LocalPosition: {x: -0.0000034686966, y: 0.0253231, z: 0.0000000022230375}
  m_LocalScale: {x: 1, y: 1, z: 1}
  m_Children:
  - {fileID: 7792269449893091621}
  m_Father: {fileID: 2818979697158435664}
  m_RootOrder: 0
  m_LocalEulerAnglesHint: {x: 21.117464, y: -0.23972474, z: -1.2992345}
--- !u!1 &8797147297249055818
GameObject:
  m_ObjectHideFlags: 0
  m_CorrespondingSourceObject: {fileID: 0}
  m_PrefabInstance: {fileID: 0}
  m_PrefabAsset: {fileID: 0}
  serializedVersion: 6
  m_Component:
  - component: {fileID: 6024268647824823713}
  m_Layer: 0
  m_Name: LeftArm
  m_TagString: Untagged
  m_Icon: {fileID: 0}
  m_NavMeshLayer: 0
  m_StaticEditorFlags: 0
  m_IsActive: 1
--- !u!4 &6024268647824823713
Transform:
  m_ObjectHideFlags: 0
  m_CorrespondingSourceObject: {fileID: 0}
  m_PrefabInstance: {fileID: 0}
  m_PrefabAsset: {fileID: 0}
  m_GameObject: {fileID: 8797147297249055818}
  m_LocalRotation: {x: 0.33443606, y: 0.08295292, z: -0.2282355, w: 0.9105932}
  m_LocalPosition: {x: 2.054816e-10, y: 0.095634565, z: -0.0000000016751175}
  m_LocalScale: {x: 1, y: 1, z: 1}
  m_Children:
  - {fileID: 1434777203827357236}
  m_Father: {fileID: 7277214954943891928}
  m_RootOrder: 0
  m_LocalEulerAnglesHint: {x: 31.321812, y: 37.89196, z: -15.70946}
--- !u!1 &8877778458161516025
GameObject:
  m_ObjectHideFlags: 0
  m_CorrespondingSourceObject: {fileID: 0}
  m_PrefabInstance: {fileID: 0}
  m_PrefabAsset: {fileID: 0}
  serializedVersion: 6
  m_Component:
  - component: {fileID: 3334374422163512927}
  m_Layer: 0
  m_Name: LeftHandThumb2
  m_TagString: Untagged
  m_Icon: {fileID: 0}
  m_NavMeshLayer: 0
  m_StaticEditorFlags: 0
  m_IsActive: 1
--- !u!4 &3334374422163512927
Transform:
  m_ObjectHideFlags: 0
  m_CorrespondingSourceObject: {fileID: 0}
  m_PrefabInstance: {fileID: 0}
  m_PrefabAsset: {fileID: 0}
  m_GameObject: {fileID: 8877778458161516025}
  m_LocalRotation: {x: 0.09412533, y: -0.03406098, z: 0.12662111, w: 0.9868877}
  m_LocalPosition: {x: 0.0076035988, y: 0.030332219, z: -0.00000008210505}
  m_LocalScale: {x: 1, y: 1, z: 1}
  m_Children:
  - {fileID: 6073103636937665441}
  m_Father: {fileID: 8690833660306689714}
  m_RootOrder: 0
  m_LocalEulerAnglesHint: {x: 1.6904302, y: 7.885202, z: 30.923597}
--- !u!1 &8878889480865904693
GameObject:
  m_ObjectHideFlags: 0
  m_CorrespondingSourceObject: {fileID: 0}
  m_PrefabInstance: {fileID: 0}
  m_PrefabAsset: {fileID: 0}
  serializedVersion: 6
  m_Component:
  - component: {fileID: 822261626629288596}
  m_Layer: 0
  m_Name: Spine
  m_TagString: Untagged
  m_Icon: {fileID: 0}
  m_NavMeshLayer: 0
  m_StaticEditorFlags: 0
  m_IsActive: 1
--- !u!4 &822261626629288596
Transform:
  m_ObjectHideFlags: 0
  m_CorrespondingSourceObject: {fileID: 0}
  m_PrefabInstance: {fileID: 0}
  m_PrefabAsset: {fileID: 0}
  m_GameObject: {fileID: 8878889480865904693}
  m_LocalRotation: {x: 0.008271775, y: -0.0629321, z: -0.0075135753, w: 0.99795526}
  m_LocalPosition: {x: 0.00000019890987, y: 0.04715528, z: -0.010724592}
  m_LocalScale: {x: 1, y: 1, z: 1}
  m_Children:
  - {fileID: 6072388629881781708}
  m_Father: {fileID: 7664689885770646410}
  m_RootOrder: 1
  m_LocalEulerAnglesHint: {x: -2.4592962, y: -3.5710013, z: -4.5623784}
--- !u!1 &9043382426730617868
GameObject:
  m_ObjectHideFlags: 0
  m_CorrespondingSourceObject: {fileID: 0}
  m_PrefabInstance: {fileID: 0}
  m_PrefabAsset: {fileID: 0}
  serializedVersion: 6
  m_Component:
  - component: {fileID: 2135572473755623644}
  m_Layer: 0
  m_Name: LeftToe_End
  m_TagString: Untagged
  m_Icon: {fileID: 0}
  m_NavMeshLayer: 0
  m_StaticEditorFlags: 0
  m_IsActive: 1
--- !u!4 &2135572473755623644
Transform:
  m_ObjectHideFlags: 0
  m_CorrespondingSourceObject: {fileID: 0}
  m_PrefabInstance: {fileID: 0}
  m_PrefabAsset: {fileID: 0}
  m_GameObject: {fileID: 9043382426730617868}
  m_LocalRotation: {x: 0, y: -0, z: -0, w: 1}
  m_LocalPosition: {x: 1.7074092e-11, y: 0.067681715, z: 1.0454089e-10}
  m_LocalScale: {x: 1, y: 1, z: 1}
  m_Children: []
  m_Father: {fileID: 3169137565678244446}
  m_RootOrder: 0
  m_LocalEulerAnglesHint: {x: 0, y: 0, z: 0}
--- !u!1 &9159314691998146560
GameObject:
  m_ObjectHideFlags: 0
  m_CorrespondingSourceObject: {fileID: 0}
  m_PrefabInstance: {fileID: 0}
  m_PrefabAsset: {fileID: 0}
  serializedVersion: 6
  m_Component:
  - component: {fileID: 7277214954943891928}
  m_Layer: 0
  m_Name: LeftShoulder
  m_TagString: Untagged
  m_Icon: {fileID: 0}
  m_NavMeshLayer: 0
  m_StaticEditorFlags: 0
  m_IsActive: 1
--- !u!4 &7277214954943891928
Transform:
  m_ObjectHideFlags: 0
  m_CorrespondingSourceObject: {fileID: 0}
  m_PrefabInstance: {fileID: 0}
  m_PrefabAsset: {fileID: 0}
  m_GameObject: {fileID: 9159314691998146560}
  m_LocalRotation: {x: 0.55340075, y: -0.37132075, z: 0.6555018, w: 0.35522664}
  m_LocalPosition: {x: -0.04409594, y: 0.20542714, z: -0.042296816}
  m_LocalScale: {x: 1, y: 1, z: 1}
  m_Children:
  - {fileID: 6024268647824823713}
  m_Father: {fileID: 3265812171133765944}
  m_RootOrder: 0
  m_LocalEulerAnglesHint: {x: 65.28527, y: 107.127594, z: -171.06702}
--- !u!1 &9197548007028134034
GameObject:
  m_ObjectHideFlags: 0
  m_CorrespondingSourceObject: {fileID: 0}
  m_PrefabInstance: {fileID: 0}
  m_PrefabAsset: {fileID: 0}
  serializedVersion: 6
  m_Component:
  - component: {fileID: 1379659213057101025}
  m_Layer: 0
  m_Name: RightShoulder
  m_TagString: Untagged
  m_Icon: {fileID: 0}
  m_NavMeshLayer: 0
  m_StaticEditorFlags: 0
  m_IsActive: 1
--- !u!4 &1379659213057101025
Transform:
  m_ObjectHideFlags: 0
  m_CorrespondingSourceObject: {fileID: 0}
  m_PrefabInstance: {fileID: 0}
  m_PrefabAsset: {fileID: 0}
  m_GameObject: {fileID: 9197548007028134034}
  m_LocalRotation: {x: 0.602464, y: 0.3777084, z: -0.5193284, w: 0.4739952}
  m_LocalPosition: {x: 0.04409594, y: 0.2054291, z: -0.04236227}
  m_LocalScale: {x: 1, y: 1, z: 1}
  m_Children:
  - {fileID: 5260304347640172199}
  m_Father: {fileID: 3265812171133765944}
  m_RootOrder: 2
  m_LocalEulerAnglesHint: {x: 69.85732, y: -100.78768, z: -179.00845}
