%YAML 1.1
%TAG !u! tag:unity3d.com,2011:
--- !u!1 &196435244999061156
GameObject:
  m_ObjectHideFlags: 0
  m_CorrespondingSourceObject: {fileID: 0}
  m_PrefabInstance: {fileID: 0}
  m_PrefabAsset: {fileID: 0}
  serializedVersion: 6
  m_Component:
  - component: {fileID: 6947724032299960260}
  m_Layer: 0
  m_Name: RightHandMiddle1
  m_TagString: Untagged
  m_Icon: {fileID: 0}
  m_NavMeshLayer: 0
  m_StaticEditorFlags: 0
  m_IsActive: 1
--- !u!4 &6947724032299960260
Transform:
  m_ObjectHideFlags: 0
  m_CorrespondingSourceObject: {fileID: 0}
  m_PrefabInstance: {fileID: 0}
  m_PrefabAsset: {fileID: 0}
  m_GameObject: {fileID: 196435244999061156}
  m_LocalRotation: {x: 0.64516383, y: 0.04184819, z: -0.014688705, w: 0.762756}
  m_LocalPosition: {x: -0.010222722, y: 0.07765229, z: 0.00056602457}
  m_LocalScale: {x: 1, y: 1, z: 1}
  m_Children:
  - {fileID: 1657255745732550737}
  m_Father: {fileID: 6134089085699866791}
  m_RootOrder: 1
  m_LocalEulerAnglesHint: {x: 80.208984, y: 15.30473, z: 10.705626}
--- !u!1 &512514320072745156
GameObject:
  m_ObjectHideFlags: 0
  m_CorrespondingSourceObject: {fileID: 0}
  m_PrefabInstance: {fileID: 0}
  m_PrefabAsset: {fileID: 0}
  serializedVersion: 6
  m_Component:
  - component: {fileID: 8943020925220798579}
  m_Layer: 0
  m_Name: Spine2
  m_TagString: Untagged
  m_Icon: {fileID: 0}
  m_NavMeshLayer: 0
  m_StaticEditorFlags: 0
  m_IsActive: 1
--- !u!4 &8943020925220798579
Transform:
  m_ObjectHideFlags: 0
  m_CorrespondingSourceObject: {fileID: 0}
  m_PrefabInstance: {fileID: 0}
  m_PrefabAsset: {fileID: 0}
  m_GameObject: {fileID: 512514320072745156}
  m_LocalRotation: {x: 0.0049772626, y: -0.008618304, z: 0.0010395929, w: 0.99994993}
  m_LocalPosition: {x: -3.0959955e-14, y: 0.1375008, z: 0.008978979}
  m_LocalScale: {x: 1, y: 1, z: 1}
  m_Children:
  - {fileID: 3869819727973957779}
  - {fileID: 2402767094882907732}
  - {fileID: 4786209598453679530}
  m_Father: {fileID: 363935818370380935}
  m_RootOrder: 0
  m_LocalEulerAnglesHint: {x: 0.93702984, y: -0.983094, z: 0.1163627}
--- !u!1 &585380050009045342
GameObject:
  m_ObjectHideFlags: 0
  m_CorrespondingSourceObject: {fileID: 0}
  m_PrefabInstance: {fileID: 0}
  m_PrefabAsset: {fileID: 0}
  serializedVersion: 6
  m_Component:
  - component: {fileID: 2402767094882907732}
  m_Layer: 0
  m_Name: Neck
  m_TagString: Untagged
  m_Icon: {fileID: 0}
  m_NavMeshLayer: 0
  m_StaticEditorFlags: 0
  m_IsActive: 1
--- !u!4 &2402767094882907732
Transform:
  m_ObjectHideFlags: 0
  m_CorrespondingSourceObject: {fileID: 0}
  m_PrefabInstance: {fileID: 0}
  m_PrefabAsset: {fileID: 0}
  m_GameObject: {fileID: 585380050009045342}
  m_LocalRotation: {x: 0.068362996, y: -0.022939298, z: 0.031843018, w: 0.99688834}
  m_LocalPosition: {x: -1.8697293e-13, y: 0.22136812, z: -0.04185316}
  m_LocalScale: {x: 1, y: 1, z: 1}
  m_Children:
  - {fileID: 4616311209304790812}
  m_Father: {fileID: 8943020925220798579}
  m_RootOrder: 1
  m_LocalEulerAnglesHint: {x: 8.537998, y: -2.3246748, z: 3.7745764}
--- !u!1 &643160910972380655
GameObject:
  m_ObjectHideFlags: 0
  m_CorrespondingSourceObject: {fileID: 0}
  m_PrefabInstance: {fileID: 0}
  m_PrefabAsset: {fileID: 0}
  serializedVersion: 6
  m_Component:
  - component: {fileID: 7630323858572631247}
  m_Layer: 0
  m_Name: RightToeBase
  m_TagString: Untagged
  m_Icon: {fileID: 0}
  m_NavMeshLayer: 0
  m_StaticEditorFlags: 0
  m_IsActive: 1
--- !u!4 &7630323858572631247
Transform:
  m_ObjectHideFlags: 0
  m_CorrespondingSourceObject: {fileID: 0}
  m_PrefabInstance: {fileID: 0}
  m_PrefabAsset: {fileID: 0}
  m_GameObject: {fileID: 643160910972380655}
  m_LocalRotation: {x: 0.29259476, y: -0.088738196, z: 0.01808476, w: 0.95193845}
  m_LocalPosition: {x: -1.697906e-10, y: 0.19030759, z: -0.000000006079217}
  m_LocalScale: {x: 1, y: 1, z: 1}
  m_Children:
  - {fileID: 1050959939485508365}
  m_Father: {fileID: 9058830835677469583}
  m_RootOrder: 1
  m_LocalEulerAnglesHint: {x: 35.917667, y: -17.210173, z: -5.3043346}
--- !u!1 &703335932682048291
GameObject:
  m_ObjectHideFlags: 0
  m_CorrespondingSourceObject: {fileID: 0}
  m_PrefabInstance: {fileID: 0}
  m_PrefabAsset: {fileID: 0}
  serializedVersion: 6
  m_Component:
  - component: {fileID: 1294351716834384794}
  m_Layer: 0
  m_Name: LeftHandIndex2
  m_TagString: Untagged
  m_Icon: {fileID: 0}
  m_NavMeshLayer: 0
  m_StaticEditorFlags: 0
  m_IsActive: 1
--- !u!4 &1294351716834384794
Transform:
  m_ObjectHideFlags: 0
  m_CorrespondingSourceObject: {fileID: 0}
  m_PrefabInstance: {fileID: 0}
  m_PrefabAsset: {fileID: 0}
  m_GameObject: {fileID: 703335932682048291}
  m_LocalRotation: {x: 0.7661929, y: 0.00013204897, z: 0.07632656, w: 0.63806164}
  m_LocalPosition: {x: -0.000017751876, y: 0.04034459, z: -0.000000008835037}
  m_LocalScale: {x: 1, y: 1, z: 1}
  m_Children:
  - {fileID: 3388099775991466243}
  m_Father: {fileID: 2463687343734670259}
  m_RootOrder: 0
  m_LocalEulerAnglesHint: {x: 77.88722, y: 146.06877, z: 152.28038}
--- !u!1 &946225441525936880
GameObject:
  m_ObjectHideFlags: 0
  m_CorrespondingSourceObject: {fileID: 0}
  m_PrefabInstance: {fileID: 0}
  m_PrefabAsset: {fileID: 0}
  serializedVersion: 6
  m_Component:
  - component: {fileID: 4414055340925075012}
  m_Layer: 0
  m_Name: LeftHandRing4
  m_TagString: Untagged
  m_Icon: {fileID: 0}
  m_NavMeshLayer: 0
  m_StaticEditorFlags: 0
  m_IsActive: 1
--- !u!4 &4414055340925075012
Transform:
  m_ObjectHideFlags: 0
  m_CorrespondingSourceObject: {fileID: 0}
  m_PrefabInstance: {fileID: 0}
  m_PrefabAsset: {fileID: 0}
  m_GameObject: {fileID: 946225441525936880}
  m_LocalRotation: {x: 0, y: -0, z: -0, w: 1}
  m_LocalPosition: {x: 0.000023666009, y: 0.031990364, z: 2.601112e-10}
  m_LocalScale: {x: 1, y: 1, z: 1}
  m_Children: []
  m_Father: {fileID: 8082496495321529044}
  m_RootOrder: 0
  m_LocalEulerAnglesHint: {x: 0, y: 0, z: 0}
--- !u!1 &1076007345481544372
GameObject:
  m_ObjectHideFlags: 0
  m_CorrespondingSourceObject: {fileID: 0}
  m_PrefabInstance: {fileID: 0}
  m_PrefabAsset: {fileID: 0}
  serializedVersion: 6
  m_Component:
  - component: {fileID: 4648450793464844760}
  m_Layer: 0
  m_Name: RightLeg
  m_TagString: Untagged
  m_Icon: {fileID: 0}
  m_NavMeshLayer: 0
  m_StaticEditorFlags: 0
  m_IsActive: 1
--- !u!4 &4648450793464844760
Transform:
  m_ObjectHideFlags: 0
  m_CorrespondingSourceObject: {fileID: 0}
  m_PrefabInstance: {fileID: 0}
  m_PrefabAsset: {fileID: 0}
  m_GameObject: {fileID: 1076007345481544372}
  m_LocalRotation: {x: -0.38531306, y: -0.0058863913, z: 0.07438856, w: 0.91976386}
  m_LocalPosition: {x: 0.00021190131, y: 0.41913372, z: -0.00014149686}
  m_LocalScale: {x: 1, y: 1, z: 1}
  m_Children:
  - {fileID: 9058830835677469583}
  - {fileID: 5921225949847524406}
  m_Father: {fileID: 3741799800344929328}
  m_RootOrder: 0
  m_LocalEulerAnglesHint: {x: -44.49245, y: -0.6315317, z: 6.6526785}
--- !u!1 &1119106687117981446
GameObject:
  m_ObjectHideFlags: 0
  m_CorrespondingSourceObject: {fileID: 0}
  m_PrefabInstance: {fileID: 0}
  m_PrefabAsset: {fileID: 0}
  serializedVersion: 6
  m_Component:
  - component: {fileID: 1481116401635352013}
  m_Layer: 0
  m_Name: LeftHandMiddle2
  m_TagString: Untagged
  m_Icon: {fileID: 0}
  m_NavMeshLayer: 0
  m_StaticEditorFlags: 0
  m_IsActive: 1
--- !u!4 &1481116401635352013
Transform:
  m_ObjectHideFlags: 0
  m_CorrespondingSourceObject: {fileID: 0}
  m_PrefabInstance: {fileID: 0}
  m_PrefabAsset: {fileID: 0}
  m_GameObject: {fileID: 1119106687117981446}
  m_LocalRotation: {x: 0.77787316, y: 0.000101741105, z: 0.078566894, w: 0.6234907}
  m_LocalPosition: {x: 0.000016228612, y: 0.04625523, z: -0.000000010078835}
  m_LocalScale: {x: 1, y: 1, z: 1}
  m_Children:
  - {fileID: 6175427335998888882}
  m_Father: {fileID: 6925718858857980013}
  m_RootOrder: 0
  m_LocalEulerAnglesHint: {x: 75.924805, y: 149.79321, z: 156.20273}
--- !u!1 &1423647357744800037
GameObject:
  m_ObjectHideFlags: 0
  m_CorrespondingSourceObject: {fileID: 0}
  m_PrefabInstance: {fileID: 0}
  m_PrefabAsset: {fileID: 0}
  serializedVersion: 6
  m_Component:
  - component: {fileID: 363935818370380935}
  m_Layer: 0
  m_Name: Spine1
  m_TagString: Untagged
  m_Icon: {fileID: 0}
  m_NavMeshLayer: 0
  m_StaticEditorFlags: 0
  m_IsActive: 1
--- !u!4 &363935818370380935
Transform:
  m_ObjectHideFlags: 0
  m_CorrespondingSourceObject: {fileID: 0}
  m_PrefabInstance: {fileID: 0}
  m_PrefabAsset: {fileID: 0}
  m_GameObject: {fileID: 1423647357744800037}
  m_LocalRotation: {x: 0.04759604, y: -0.008679032, z: 0.0006179893, w: 0.99882877}
  m_LocalPosition: {x: 9.341139e-15, y: 0.104733616, z: 0.0128054125}
  m_LocalScale: {x: 1, y: 1, z: 1}
  m_Children:
  - {fileID: 8943020925220798579}
  m_Father: {fileID: 6494404432427809759}
  m_RootOrder: 0
  m_LocalEulerAnglesHint: {x: 5.8225784, y: -0.99010485, z: 0.0313747}
--- !u!1 &1513424924681656355
GameObject:
  m_ObjectHideFlags: 0
  m_CorrespondingSourceObject: {fileID: 0}
  m_PrefabInstance: {fileID: 0}
  m_PrefabAsset: {fileID: 0}
  serializedVersion: 6
  m_Component:
  - component: {fileID: 3388099775991466243}
  m_Layer: 0
  m_Name: LeftHandIndex3
  m_TagString: Untagged
  m_Icon: {fileID: 0}
  m_NavMeshLayer: 0
  m_StaticEditorFlags: 0
  m_IsActive: 1
--- !u!4 &3388099775991466243
Transform:
  m_ObjectHideFlags: 0
  m_CorrespondingSourceObject: {fileID: 0}
  m_PrefabInstance: {fileID: 0}
  m_PrefabAsset: {fileID: 0}
  m_GameObject: {fileID: 1513424924681656355}
  m_LocalRotation: {x: 0.4064509, y: -0.00011041913, z: 0.040526733, w: 0.91277343}
  m_LocalPosition: {x: 0.0000030289104, y: 0.026221689, z: 0.000000023161483}
  m_LocalScale: {x: 1, y: 1, z: 1}
  m_Children:
  - {fileID: 90858970846654589}
  m_Father: {fileID: 1294351716834384794}
  m_RootOrder: 0
  m_LocalEulerAnglesHint: {x: 47.902412, y: 2.7994876, z: 6.32823}
--- !u!1 &1551725145226628396
GameObject:
  m_ObjectHideFlags: 0
  m_CorrespondingSourceObject: {fileID: 0}
  m_PrefabInstance: {fileID: 0}
  m_PrefabAsset: {fileID: 0}
  serializedVersion: 6
  m_Component:
  - component: {fileID: 8841279827125312277}
  m_Layer: 0
  m_Name: LeftToeBase
  m_TagString: Untagged
  m_Icon: {fileID: 0}
  m_NavMeshLayer: 0
  m_StaticEditorFlags: 0
  m_IsActive: 1
--- !u!4 &8841279827125312277
Transform:
  m_ObjectHideFlags: 0
  m_CorrespondingSourceObject: {fileID: 0}
  m_PrefabInstance: {fileID: 0}
  m_PrefabAsset: {fileID: 0}
  m_GameObject: {fileID: 1551725145226628396}
  m_LocalRotation: {x: 0.26296037, y: 0.08952592, z: -0.021870365, w: 0.96039504}
  m_LocalPosition: {x: 2.1884543e-10, y: 0.18800846, z: -0.0000000012610779}
  m_LocalScale: {x: 1, y: 1, z: 1}
  m_Children:
  - {fileID: 5542404066802854295}
  m_Father: {fileID: 4403090007295310455}
  m_RootOrder: 1
  m_LocalEulerAnglesHint: {x: 31.844582, y: 10.798698, z: 0.5832679}
--- !u!1 &1551749899987553541
GameObject:
  m_ObjectHideFlags: 0
  m_CorrespondingSourceObject: {fileID: 0}
  m_PrefabInstance: {fileID: 0}
  m_PrefabAsset: {fileID: 0}
  serializedVersion: 6
  m_Component:
  - component: {fileID: 4103645129326448779}
  m_Layer: 0
  m_Name: RightHandThumb3
  m_TagString: Untagged
  m_Icon: {fileID: 0}
  m_NavMeshLayer: 0
  m_StaticEditorFlags: 0
  m_IsActive: 1
--- !u!4 &4103645129326448779
Transform:
  m_ObjectHideFlags: 0
  m_CorrespondingSourceObject: {fileID: 0}
  m_PrefabInstance: {fileID: 0}
  m_PrefabAsset: {fileID: 0}
  m_GameObject: {fileID: 1551749899987553541}
  m_LocalRotation: {x: 0.0009271929, y: 0.17504616, z: -0.37185007, w: 0.9116389}
  m_LocalPosition: {x: -0.0001275261, y: 0.03389746, z: -0.00000062020325}
  m_LocalScale: {x: 1, y: 1, z: 1}
  m_Children:
  - {fileID: 5614231029581645152}
  m_Father: {fileID: 8273790440639921406}
  m_RootOrder: 0
  m_LocalEulerAnglesHint: {x: 7.577803, y: 18.739986, z: -43.128094}
--- !u!1 &1741581786672663969
GameObject:
  m_ObjectHideFlags: 0
  m_CorrespondingSourceObject: {fileID: 0}
  m_PrefabInstance: {fileID: 0}
  m_PrefabAsset: {fileID: 0}
  serializedVersion: 6
  m_Component:
  - component: {fileID: 7755100975809319105}
  m_Layer: 0
  m_Name: Hips
  m_TagString: Untagged
  m_Icon: {fileID: 0}
  m_NavMeshLayer: 0
  m_StaticEditorFlags: 0
  m_IsActive: 1
--- !u!4 &7755100975809319105
Transform:
  m_ObjectHideFlags: 0
  m_CorrespondingSourceObject: {fileID: 0}
  m_PrefabInstance: {fileID: 0}
  m_PrefabAsset: {fileID: 0}
  m_GameObject: {fileID: 1741581786672663969}
  m_LocalRotation: {x: 0, y: -0, z: -0, w: 1}
  m_LocalPosition: {x: -0, y: 0, z: 0}
  m_LocalScale: {x: 1, y: 1, z: 1}
  m_Children:
  - {fileID: 206333985841961917}
  - {fileID: 3741799800344929328}
  m_Father: {fileID: 4258138245169875649}
  m_RootOrder: 0
  m_LocalEulerAnglesHint: {x: 0, y: 0, z: 0}
--- !u!1 &1784054081685961431
GameObject:
  m_ObjectHideFlags: 0
  m_CorrespondingSourceObject: {fileID: 0}
  m_PrefabInstance: {fileID: 0}
  m_PrefabAsset: {fileID: 0}
  serializedVersion: 6
  m_Component:
  - component: {fileID: 1102226837854558963}
  m_Layer: 0
  m_Name: RightHandRing3
  m_TagString: Untagged
  m_Icon: {fileID: 0}
  m_NavMeshLayer: 0
  m_StaticEditorFlags: 0
  m_IsActive: 1
--- !u!4 &1102226837854558963
Transform:
  m_ObjectHideFlags: 0
  m_CorrespondingSourceObject: {fileID: 0}
  m_PrefabInstance: {fileID: 0}
  m_PrefabAsset: {fileID: 0}
  m_GameObject: {fileID: 1784054081685961431}
  m_LocalRotation: {x: 0.5017926, y: 0.0069816206, z: -0.04761269, w: 0.8636484}
  m_LocalPosition: {x: 0.000020003905, y: 0.03224583, z: -0.0000000013662717}
  m_LocalScale: {x: 1, y: 1, z: 1}
  m_Children:
  - {fileID: 2394955625844154129}
  m_Father: {fileID: 8805380256680985401}
  m_RootOrder: 0
  m_LocalEulerAnglesHint: {x: 60.158978, y: -4.117002, z: -8.696267}
--- !u!1 &2090451941436996273
GameObject:
  m_ObjectHideFlags: 0
  m_CorrespondingSourceObject: {fileID: 0}
  m_PrefabInstance: {fileID: 0}
  m_PrefabAsset: {fileID: 0}
  serializedVersion: 6
  m_Component:
  - component: {fileID: 8012168905136731437}
  m_Layer: 0
  m_Name: HeadTop_End
  m_TagString: Untagged
  m_Icon: {fileID: 0}
  m_NavMeshLayer: 0
  m_StaticEditorFlags: 0
  m_IsActive: 1
--- !u!4 &8012168905136731437
Transform:
  m_ObjectHideFlags: 0
  m_CorrespondingSourceObject: {fileID: 0}
  m_PrefabInstance: {fileID: 0}
  m_PrefabAsset: {fileID: 0}
  m_GameObject: {fileID: 2090451941436996273}
  m_LocalRotation: {x: 6.938894e-18, y: -0, z: -0, w: 1}
  m_LocalPosition: {x: -0, y: 0.21630813, z: 0.077646874}
  m_LocalScale: {x: 1, y: 1, z: 1}
  m_Children: []
  m_Father: {fileID: 4616311209304790812}
  m_RootOrder: 0
  m_LocalEulerAnglesHint: {x: 0, y: 0, z: 0}
--- !u!1 &2187763504592184278
GameObject:
  m_ObjectHideFlags: 0
  m_CorrespondingSourceObject: {fileID: 0}
  m_PrefabInstance: {fileID: 0}
  m_PrefabAsset: {fileID: 0}
  serializedVersion: 6
  m_Component:
  - component: {fileID: 2463687343734670259}
  m_Layer: 0
  m_Name: LeftHandIndex1
  m_TagString: Untagged
  m_Icon: {fileID: 0}
  m_NavMeshLayer: 0
  m_StaticEditorFlags: 0
  m_IsActive: 1
--- !u!4 &2463687343734670259
Transform:
  m_ObjectHideFlags: 0
  m_CorrespondingSourceObject: {fileID: 0}
  m_PrefabInstance: {fileID: 0}
  m_PrefabAsset: {fileID: 0}
  m_GameObject: {fileID: 2187763504592184278}
  m_LocalRotation: {x: 0.604057, y: -0.041932598, z: 0.006191403, w: 0.7958131}
  m_LocalPosition: {x: 0.032200973, y: 0.074093305, z: -0.0024142521}
  m_LocalScale: {x: 1, y: 1, z: 1}
  m_Children:
  - {fileID: 1294351716834384794}
  m_Father: {fileID: 7546687812596480377}
  m_RootOrder: 0
  m_LocalEulerAnglesHint: {x: 74.14415, y: -12.527049, z: -8.5892315}
--- !u!1 &2412024988199901708
GameObject:
  m_ObjectHideFlags: 0
  m_CorrespondingSourceObject: {fileID: 0}
  m_PrefabInstance: {fileID: 0}
  m_PrefabAsset: {fileID: 0}
  serializedVersion: 6
  m_Component:
  - component: {fileID: 4345126706310309336}
  m_Layer: 0
  m_Name: LeftHandPinky2
  m_TagString: Untagged
  m_Icon: {fileID: 0}
  m_NavMeshLayer: 0
  m_StaticEditorFlags: 0
  m_IsActive: 1
--- !u!4 &4345126706310309336
Transform:
  m_ObjectHideFlags: 0
  m_CorrespondingSourceObject: {fileID: 0}
  m_PrefabInstance: {fileID: 0}
  m_PrefabAsset: {fileID: 0}
  m_GameObject: {fileID: 2412024988199901708}
  m_LocalRotation: {x: 0.63653934, y: -0.023131609, z: 0.038465377, w: 0.7699371}
  m_LocalPosition: {x: 0.000042857824, y: 0.032586318, z: 0.000000008374848}
  m_LocalScale: {x: 1, y: 1, z: 1}
  m_Children:
  - {fileID: 5825133524200336767}
  m_Father: {fileID: 1339901314505571916}
  m_RootOrder: 0
  m_LocalEulerAnglesHint: {x: 79.10338, y: 4.049557, z: 9.0649185}
--- !u!1 &2630342621813308850
GameObject:
  m_ObjectHideFlags: 0
  m_CorrespondingSourceObject: {fileID: 0}
  m_PrefabInstance: {fileID: 0}
  m_PrefabAsset: {fileID: 0}
  serializedVersion: 6
  m_Component:
  - component: {fileID: 1358824252280049569}
  - component: {fileID: 8958082648346075867}
  - component: {fileID: 1103953124}
  - component: {fileID: 1998902987}
  m_Layer: 0
  m_Name: AIBender
  m_TagString: Untagged
  m_Icon: {fileID: 0}
  m_NavMeshLayer: 0
  m_StaticEditorFlags: 0
  m_IsActive: 1
--- !u!4 &1358824252280049569
Transform:
  m_ObjectHideFlags: 0
  m_CorrespondingSourceObject: {fileID: 0}
  m_PrefabInstance: {fileID: 0}
  m_PrefabAsset: {fileID: 0}
  m_GameObject: {fileID: 2630342621813308850}
  m_LocalRotation: {x: 0, y: 0, z: 0, w: 1}
  m_LocalPosition: {x: 0, y: 0, z: 0}
  m_LocalScale: {x: 1, y: 1, z: 1}
  m_Children:
  - {fileID: 5792108604817466924}
  - {fileID: 4258138245169875649}
  m_Father: {fileID: 0}
  m_RootOrder: 0
  m_LocalEulerAnglesHint: {x: 0, y: 0, z: 0}
--- !u!95 &8958082648346075867
Animator:
  serializedVersion: 3
  m_ObjectHideFlags: 0
  m_CorrespondingSourceObject: {fileID: 0}
  m_PrefabInstance: {fileID: 0}
  m_PrefabAsset: {fileID: 0}
  m_GameObject: {fileID: 2630342621813308850}
  m_Enabled: 1
  m_Avatar: {fileID: 0}
  m_Controller: {fileID: 9100000, guid: f9cd0a41fbbdf3a459ecba85d64cd8c8, type: 2}
  m_CullingMode: 1
  m_UpdateMode: 0
  m_ApplyRootMotion: 1
  m_LinearVelocityBlending: 0
  m_WarningMessage: 
  m_HasTransformHierarchy: 1
  m_AllowConstantClipSamplingOptimization: 1
  m_KeepAnimatorControllerStateOnDisable: 0
--- !u!114 &1103953124
MonoBehaviour:
  m_ObjectHideFlags: 0
  m_CorrespondingSourceObject: {fileID: 0}
  m_PrefabInstance: {fileID: 0}
  m_PrefabAsset: {fileID: 0}
  m_GameObject: {fileID: 2630342621813308850}
  m_Enabled: 1
  m_EditorHideFlags: 0
  m_Script: {fileID: 11500000, guid: 693f433eda9c07f469e026ad0f270ce9, type: 3}
  m_Name: 
  m_EditorClassIdentifier: 
  projectile: {fileID: 1061259373226937826, guid: 78c1533373c783a41bcc8535b31ed6ea, type: 3}
  leftHand: {fileID: 6483542203747871190}
  rightFoot: {fileID: 4965705802004598315}
  destinationMarker: {fileID: 0}
--- !u!54 &1998902987
Rigidbody:
  m_ObjectHideFlags: 0
  m_CorrespondingSourceObject: {fileID: 0}
  m_PrefabInstance: {fileID: 0}
  m_PrefabAsset: {fileID: 0}
  m_GameObject: {fileID: 2630342621813308850}
  serializedVersion: 2
  m_Mass: 1
  m_Drag: 0
  m_AngularDrag: 0
  m_UseGravity: 0
  m_IsKinematic: 0
  m_Interpolate: 0
  m_Constraints: 116
  m_CollisionDetection: 0
--- !u!1 &2870556420444418163
GameObject:
  m_ObjectHideFlags: 0
  m_CorrespondingSourceObject: {fileID: 0}
  m_PrefabInstance: {fileID: 0}
  m_PrefabAsset: {fileID: 0}
  serializedVersion: 6
  m_Component:
  - component: {fileID: 6925718858857980013}
  m_Layer: 0
  m_Name: LeftHandMiddle1
  m_TagString: Untagged
  m_Icon: {fileID: 0}
  m_NavMeshLayer: 0
  m_StaticEditorFlags: 0
  m_IsActive: 1
--- !u!4 &6925718858857980013
Transform:
  m_ObjectHideFlags: 0
  m_CorrespondingSourceObject: {fileID: 0}
  m_PrefabInstance: {fileID: 0}
  m_PrefabAsset: {fileID: 0}
  m_GameObject: {fileID: 2870556420444418163}
  m_LocalRotation: {x: 0.58631474, y: -0.03983619, z: 0.003955756, w: 0.8090936}
  m_LocalPosition: {x: 0.009902293, y: 0.07311762, z: 0.0015489805}
  m_LocalScale: {x: 1, y: 1, z: 1}
  m_Children:
  - {fileID: 1481116401635352013}
  m_Father: {fileID: 7546687812596480377}
  m_RootOrder: 1
  m_LocalEulerAnglesHint: {x: 71.63746, y: -10.9469185, z: -7.3518853}
--- !u!1 &2910761002799359117
GameObject:
  m_ObjectHideFlags: 0
  m_CorrespondingSourceObject: {fileID: 0}
  m_PrefabInstance: {fileID: 0}
  m_PrefabAsset: {fileID: 0}
  serializedVersion: 6
  m_Component:
  - component: {fileID: 217115866882803750}
  m_Layer: 0
  m_Name: RightHandIndex3
  m_TagString: Untagged
  m_Icon: {fileID: 0}
  m_NavMeshLayer: 0
  m_StaticEditorFlags: 0
  m_IsActive: 1
--- !u!4 &217115866882803750
Transform:
  m_ObjectHideFlags: 0
  m_CorrespondingSourceObject: {fileID: 0}
  m_PrefabInstance: {fileID: 0}
  m_PrefabAsset: {fileID: 0}
  m_GameObject: {fileID: 2910761002799359117}
  m_LocalRotation: {x: 0.4960902, y: 0.00005671259, z: -0.049105443, w: 0.8668813}
  m_LocalPosition: {x: -0.0000034686966, y: 0.0253231, z: 0.0000000022230375}
  m_LocalScale: {x: 1, y: 1, z: 1}
  m_Children:
  - {fileID: 4425405918418112622}
  m_Father: {fileID: 8527152352276396571}
  m_RootOrder: 0
  m_LocalEulerAnglesHint: {x: 59.328728, y: -5.469657, z: -9.601164}
--- !u!1 &3014322452369595831
GameObject:
  m_ObjectHideFlags: 0
  m_CorrespondingSourceObject: {fileID: 0}
  m_PrefabInstance: {fileID: 0}
  m_PrefabAsset: {fileID: 0}
  serializedVersion: 6
  m_Component:
  - component: {fileID: 4616311209304790812}
  m_Layer: 0
  m_Name: Head
  m_TagString: Untagged
  m_Icon: {fileID: 0}
  m_NavMeshLayer: 0
  m_StaticEditorFlags: 0
  m_IsActive: 1
--- !u!4 &4616311209304790812
Transform:
  m_ObjectHideFlags: 0
  m_CorrespondingSourceObject: {fileID: 0}
  m_PrefabInstance: {fileID: 0}
  m_PrefabAsset: {fileID: 0}
  m_GameObject: {fileID: 3014322452369595831}
  m_LocalRotation: {x: 0.05346427, y: -0.022461118, z: 0.03218223, w: 0.9977983}
  m_LocalPosition: {x: 5.551115e-19, y: 0.08370239, z: 0.030046165}
  m_LocalScale: {x: 1, y: 1, z: 1}
  m_Children:
  - {fileID: 8012168905136731437}
  m_Father: {fileID: 2402767094882907732}
  m_RootOrder: 0
  m_LocalEulerAnglesHint: {x: 6.8276024, y: -2.3153527, z: 3.8445058}
--- !u!1 &3024021103517223925
GameObject:
  m_ObjectHideFlags: 0
  m_CorrespondingSourceObject: {fileID: 0}
  m_PrefabInstance: {fileID: 0}
  m_PrefabAsset: {fileID: 0}
  serializedVersion: 6
  m_Component:
  - component: {fileID: 3031332284676504032}
  m_Layer: 0
  m_Name: LeftFoot_IK_BakingLOC
  m_TagString: Untagged
  m_Icon: {fileID: 0}
  m_NavMeshLayer: 0
  m_StaticEditorFlags: 0
  m_IsActive: 1
--- !u!4 &3031332284676504032
Transform:
  m_ObjectHideFlags: 0
  m_CorrespondingSourceObject: {fileID: 0}
  m_PrefabInstance: {fileID: 0}
  m_PrefabAsset: {fileID: 0}
  m_GameObject: {fileID: 3024021103517223925}
  m_LocalRotation: {x: -0.0101370495, y: 0.48845968, z: 0.8725091, w: 0.0056750583}
  m_LocalPosition: {x: -0.00000003327123, y: 0.00000006967851, z: 0.00000011069735}
  m_LocalScale: {x: 1, y: 1, z: 1}
  m_Children: []
  m_Father: {fileID: 4403090007295310455}
  m_RootOrder: 0
  m_LocalEulerAnglesHint: {x: 0, y: 0, z: 0}
--- !u!1 &3058408188736860542
GameObject:
  m_ObjectHideFlags: 0
  m_CorrespondingSourceObject: {fileID: 0}
  m_PrefabInstance: {fileID: 0}
  m_PrefabAsset: {fileID: 0}
  serializedVersion: 6
  m_Component:
  - component: {fileID: 6494404432427809759}
  - component: {fileID: 129350998}
  m_Layer: 0
  m_Name: Spine
  m_TagString: Untagged
  m_Icon: {fileID: 0}
  m_NavMeshLayer: 0
  m_StaticEditorFlags: 0
  m_IsActive: 1
--- !u!4 &6494404432427809759
Transform:
  m_ObjectHideFlags: 0
  m_CorrespondingSourceObject: {fileID: 0}
  m_PrefabInstance: {fileID: 0}
  m_PrefabAsset: {fileID: 0}
  m_GameObject: {fileID: 3058408188736860542}
  m_LocalRotation: {x: 0.008271775, y: -0.0629321, z: -0.0075135753, w: 0.99795526}
  m_LocalPosition: {x: 0.00000019890987, y: 0.04715528, z: -0.010724592}
  m_LocalScale: {x: 1, y: 1, z: 1}
  m_Children:
  - {fileID: 363935818370380935}
  m_Father: {fileID: 4258138245169875649}
  m_RootOrder: 1
  m_LocalEulerAnglesHint: {x: 0.545008, y: -7.231958, z: -0.61848897}
--- !u!136 &129350998
CapsuleCollider:
  m_ObjectHideFlags: 0
  m_CorrespondingSourceObject: {fileID: 0}
  m_PrefabInstance: {fileID: 0}
  m_PrefabAsset: {fileID: 0}
  m_GameObject: {fileID: 3058408188736860542}
  m_Material: {fileID: 0}
  m_IsTrigger: 0
  m_Enabled: 1
  m_Radius: 0.2705278
  m_Height: 2.1206336
  m_Direction: 1
  m_Center: {x: -0.028369665, y: -0.34378412, z: -6.471557e-10}
--- !u!1 &3061801797496439986
GameObject:
  m_ObjectHideFlags: 0
  m_CorrespondingSourceObject: {fileID: 0}
  m_PrefabInstance: {fileID: 0}
  m_PrefabAsset: {fileID: 0}
  serializedVersion: 6
  m_Component:
  - component: {fileID: 9155698354658531092}
  m_Layer: 0
  m_Name: LeftHandThumb2
  m_TagString: Untagged
  m_Icon: {fileID: 0}
  m_NavMeshLayer: 0
  m_StaticEditorFlags: 0
  m_IsActive: 1
--- !u!4 &9155698354658531092
Transform:
  m_ObjectHideFlags: 0
  m_CorrespondingSourceObject: {fileID: 0}
  m_PrefabInstance: {fileID: 0}
  m_PrefabAsset: {fileID: 0}
  m_GameObject: {fileID: 3061801797496439986}
  m_LocalRotation: {x: 0.09412533, y: -0.03406098, z: 0.12662111, w: 0.9868877}
  m_LocalPosition: {x: 0.0076035988, y: 0.030332219, z: -0.00000008210505}
  m_LocalScale: {x: 1, y: 1, z: 1}
  m_Children:
  - {fileID: 364368735168226026}
  m_Father: {fileID: 3014469254917261305}
  m_RootOrder: 0
  m_LocalEulerAnglesHint: {x: 11.210138, y: -2.5353754, z: 14.373743}
--- !u!1 &3124440550399925505
GameObject:
  m_ObjectHideFlags: 0
  m_CorrespondingSourceObject: {fileID: 0}
  m_PrefabInstance: {fileID: 0}
  m_PrefabAsset: {fileID: 0}
  serializedVersion: 6
  m_Component:
  - component: {fileID: 203507031739964650}
  m_Layer: 0
  m_Name: LeftArm
  m_TagString: Untagged
  m_Icon: {fileID: 0}
  m_NavMeshLayer: 0
  m_StaticEditorFlags: 0
  m_IsActive: 1
--- !u!4 &203507031739964650
Transform:
  m_ObjectHideFlags: 0
  m_CorrespondingSourceObject: {fileID: 0}
  m_PrefabInstance: {fileID: 0}
  m_PrefabAsset: {fileID: 0}
  m_GameObject: {fileID: 3124440550399925505}
  m_LocalRotation: {x: 0.33443606, y: 0.08295292, z: -0.2282355, w: 0.9105932}
  m_LocalPosition: {x: 2.054816e-10, y: 0.095634565, z: -0.0000000016751175}
  m_LocalScale: {x: 1, y: 1, z: 1}
  m_Children:
  - {fileID: 4801077687605903231}
  m_Father: {fileID: 3869819727973957779}
  m_RootOrder: 0
  m_LocalEulerAnglesHint: {x: 39.798668, y: 1.5597553, z: -26.84086}
--- !u!1 &3227124475773408583
GameObject:
  m_ObjectHideFlags: 0
  m_CorrespondingSourceObject: {fileID: 0}
  m_PrefabInstance: {fileID: 0}
  m_PrefabAsset: {fileID: 0}
  serializedVersion: 6
  m_Component:
  - component: {fileID: 5542404066802854295}
  m_Layer: 0
  m_Name: LeftToe_End
  m_TagString: Untagged
  m_Icon: {fileID: 0}
  m_NavMeshLayer: 0
  m_StaticEditorFlags: 0
  m_IsActive: 1
--- !u!4 &5542404066802854295
Transform:
  m_ObjectHideFlags: 0
  m_CorrespondingSourceObject: {fileID: 0}
  m_PrefabInstance: {fileID: 0}
  m_PrefabAsset: {fileID: 0}
  m_GameObject: {fileID: 3227124475773408583}
  m_LocalRotation: {x: 0, y: -0, z: -0, w: 1}
  m_LocalPosition: {x: 1.7074092e-11, y: 0.067681715, z: 1.0454089e-10}
  m_LocalScale: {x: 1, y: 1, z: 1}
  m_Children: []
  m_Father: {fileID: 8841279827125312277}
  m_RootOrder: 0
  m_LocalEulerAnglesHint: {x: 0, y: 0, z: 0}
--- !u!1 &3338835097459124555
GameObject:
  m_ObjectHideFlags: 0
  m_CorrespondingSourceObject: {fileID: 0}
  m_PrefabInstance: {fileID: 0}
  m_PrefabAsset: {fileID: 0}
  serializedVersion: 6
  m_Component:
  - component: {fileID: 3869819727973957779}
  m_Layer: 0
  m_Name: LeftShoulder
  m_TagString: Untagged
  m_Icon: {fileID: 0}
  m_NavMeshLayer: 0
  m_StaticEditorFlags: 0
  m_IsActive: 1
--- !u!4 &3869819727973957779
Transform:
  m_ObjectHideFlags: 0
  m_CorrespondingSourceObject: {fileID: 0}
  m_PrefabInstance: {fileID: 0}
  m_PrefabAsset: {fileID: 0}
  m_GameObject: {fileID: 3338835097459124555}
  m_LocalRotation: {x: 0.55340075, y: -0.37132075, z: 0.6555018, w: 0.35522664}
  m_LocalPosition: {x: -0.04409594, y: 0.20542714, z: -0.042296816}
  m_LocalScale: {x: 1, y: 1, z: 1}
  m_Children:
  - {fileID: 203507031739964650}
  m_Father: {fileID: 8943020925220798579}
  m_RootOrder: 0
  m_LocalEulerAnglesHint: {x: 61.65112, y: 76.472435, z: 173.38062}
--- !u!1 &3381572017453734361
GameObject:
  m_ObjectHideFlags: 0
  m_CorrespondingSourceObject: {fileID: 0}
  m_PrefabInstance: {fileID: 0}
  m_PrefabAsset: {fileID: 0}
  serializedVersion: 6
  m_Component:
  - component: {fileID: 4786209598453679530}
  m_Layer: 0
  m_Name: RightShoulder
  m_TagString: Untagged
  m_Icon: {fileID: 0}
  m_NavMeshLayer: 0
  m_StaticEditorFlags: 0
  m_IsActive: 1
--- !u!4 &4786209598453679530
Transform:
  m_ObjectHideFlags: 0
  m_CorrespondingSourceObject: {fileID: 0}
  m_PrefabInstance: {fileID: 0}
  m_PrefabAsset: {fileID: 0}
  m_GameObject: {fileID: 3381572017453734361}
  m_LocalRotation: {x: 0.602464, y: 0.3777084, z: -0.5193284, w: 0.4739952}
  m_LocalPosition: {x: 0.04409594, y: 0.2054291, z: -0.04236227}
  m_LocalScale: {x: 1, y: 1, z: 1}
  m_Children:
  - {fileID: 1750169713716070380}
  m_Father: {fileID: 8943020925220798579}
  m_RootOrder: 2
  m_LocalEulerAnglesHint: {x: 74.17503, y: -94.64342, z: -173.3578}
--- !u!1 &3552834205195423016
GameObject:
  m_ObjectHideFlags: 0
  m_CorrespondingSourceObject: {fileID: 0}
  m_PrefabInstance: {fileID: 0}
  m_PrefabAsset: {fileID: 0}
  serializedVersion: 6
  m_Component:
  - component: {fileID: 1605424277160481298}
  m_Layer: 0
  m_Name: LeftHandMiddle4
  m_TagString: Untagged
  m_Icon: {fileID: 0}
  m_NavMeshLayer: 0
  m_StaticEditorFlags: 0
  m_IsActive: 1
--- !u!4 &1605424277160481298
Transform:
  m_ObjectHideFlags: 0
  m_CorrespondingSourceObject: {fileID: 0}
  m_PrefabInstance: {fileID: 0}
  m_PrefabAsset: {fileID: 0}
  m_GameObject: {fileID: 3552834205195423016}
  m_LocalRotation: {x: 0, y: -0, z: -0, w: 1}
  m_LocalPosition: {x: 0.000009610448, y: 0.036145102, z: 8.694343e-11}
  m_LocalScale: {x: 1, y: 1, z: 1}
  m_Children: []
  m_Father: {fileID: 6175427335998888882}
  m_RootOrder: 0
  m_LocalEulerAnglesHint: {x: 0, y: 0, z: 0}
--- !u!1 &3658081151090669893
GameObject:
  m_ObjectHideFlags: 0
  m_CorrespondingSourceObject: {fileID: 0}
  m_PrefabInstance: {fileID: 0}
  m_PrefabAsset: {fileID: 0}
  serializedVersion: 6
  m_Component:
  - component: {fileID: 4403090007295310455}
  - component: {fileID: 5103819552049611838}
  m_Layer: 0
  m_Name: LeftFoot
  m_TagString: Untagged
  m_Icon: {fileID: 0}
  m_NavMeshLayer: 0
  m_StaticEditorFlags: 0
  m_IsActive: 1
--- !u!4 &4403090007295310455
Transform:
  m_ObjectHideFlags: 0
  m_CorrespondingSourceObject: {fileID: 0}
  m_PrefabInstance: {fileID: 0}
  m_PrefabAsset: {fileID: 0}
  m_GameObject: {fileID: 3658081151090669893}
  m_LocalRotation: {x: 0.68124413, y: -0.05580868, z: 0.15096755, w: 0.7141433}
  m_LocalPosition: {x: -1.672423e-10, y: 0.39707705, z: -1.5657026e-10}
  m_LocalScale: {x: 1, y: 1, z: 1}
  m_Children:
  - {fileID: 3031332284676504032}
  - {fileID: 8841279827125312277}
  m_Father: {fileID: 2242667893083718887}
  m_RootOrder: 0
  m_LocalEulerAnglesHint: {x: 79.92695, y: 42.644787, z: 60.219368}
--- !u!135 &5103819552049611838
SphereCollider:
  m_ObjectHideFlags: 0
  m_CorrespondingSourceObject: {fileID: 0}
  m_PrefabInstance: {fileID: 0}
  m_PrefabAsset: {fileID: 0}
  m_GameObject: {fileID: 3658081151090669893}
  m_Material: {fileID: 0}
  m_IsTrigger: 0
  m_Enabled: 1
  serializedVersion: 2
  m_Radius: 0.25757164
  m_Center: {x: 0.014745644, y: 0.11832948, z: -0.03604193}
--- !u!1 &3845914421721669339
GameObject:
  m_ObjectHideFlags: 0
  m_CorrespondingSourceObject: {fileID: 0}
  m_PrefabInstance: {fileID: 0}
  m_PrefabAsset: {fileID: 0}
  serializedVersion: 6
  m_Component:
  - component: {fileID: 5614231029581645152}
  m_Layer: 0
  m_Name: RightHandThumb4
  m_TagString: Untagged
  m_Icon: {fileID: 0}
  m_NavMeshLayer: 0
  m_StaticEditorFlags: 0
  m_IsActive: 1
--- !u!4 &5614231029581645152
Transform:
  m_ObjectHideFlags: 0
  m_CorrespondingSourceObject: {fileID: 0}
  m_PrefabInstance: {fileID: 0}
  m_PrefabAsset: {fileID: 0}
  m_GameObject: {fileID: 3845914421721669339}
  m_LocalRotation: {x: 0, y: -0, z: -0, w: 1}
  m_LocalPosition: {x: 0.00543006, y: 0.028629266, z: 7.0296974e-10}
  m_LocalScale: {x: 1, y: 1, z: 1}
  m_Children: []
  m_Father: {fileID: 4103645129326448779}
  m_RootOrder: 0
  m_LocalEulerAnglesHint: {x: 0, y: 0, z: 0}
--- !u!1 &4018720951149019747
GameObject:
  m_ObjectHideFlags: 0
  m_CorrespondingSourceObject: {fileID: 0}
  m_PrefabInstance: {fileID: 0}
  m_PrefabAsset: {fileID: 0}
  serializedVersion: 6
  m_Component:
  - component: {fileID: 7078577326219603476}
  m_Layer: 0
  m_Name: RightHandMiddle3
  m_TagString: Untagged
  m_Icon: {fileID: 0}
  m_NavMeshLayer: 0
  m_StaticEditorFlags: 0
  m_IsActive: 1
--- !u!4 &7078577326219603476
Transform:
  m_ObjectHideFlags: 0
  m_CorrespondingSourceObject: {fileID: 0}
  m_PrefabInstance: {fileID: 0}
  m_PrefabAsset: {fileID: 0}
  m_GameObject: {fileID: 4018720951149019747}
  m_LocalRotation: {x: 0.39743415, y: -0.0011372223, z: -0.04092095, w: 0.9167172}
  m_LocalPosition: {x: 0.000009277935, y: 0.03375858, z: 0.0000000036416892}
  m_LocalScale: {x: 1, y: 1, z: 1}
  m_Children:
  - {fileID: 6026376314277706706}
  m_Father: {fileID: 1657255745732550737}
  m_RootOrder: 0
  m_LocalEulerAnglesHint: {x: 46.767178, y: -2.8964326, z: -6.364441}
--- !u!1 &4137950646315441342
GameObject:
  m_ObjectHideFlags: 0
  m_CorrespondingSourceObject: {fileID: 0}
  m_PrefabInstance: {fileID: 0}
  m_PrefabAsset: {fileID: 0}
  serializedVersion: 6
  m_Component:
  - component: {fileID: 7078141639583860986}
  m_Layer: 0
  m_Name: RightFoot_IK_BakingLOC
  m_TagString: Untagged
  m_Icon: {fileID: 0}
  m_NavMeshLayer: 0
  m_StaticEditorFlags: 0
  m_IsActive: 1
--- !u!4 &7078141639583860986
Transform:
  m_ObjectHideFlags: 0
  m_CorrespondingSourceObject: {fileID: 0}
  m_PrefabInstance: {fileID: 0}
  m_PrefabAsset: {fileID: 0}
  m_GameObject: {fileID: 4137950646315441342}
  m_LocalRotation: {x: 0.010135026, y: 0.49167827, z: 0.87069917, w: -0.0057231844}
  m_LocalPosition: {x: 0.00000022614879, y: 0.0000011468935, z: -0.00000122413}
  m_LocalScale: {x: 1, y: 1, z: 1}
  m_Children: []
  m_Father: {fileID: 9058830835677469583}
  m_RootOrder: 0
  m_LocalEulerAnglesHint: {x: 0, y: 0, z: 0}
--- !u!1 &4459760621533021936
GameObject:
  m_ObjectHideFlags: 0
  m_CorrespondingSourceObject: {fileID: 0}
  m_PrefabInstance: {fileID: 0}
  m_PrefabAsset: {fileID: 0}
  serializedVersion: 6
  m_Component:
  - component: {fileID: 90858970846654589}
  m_Layer: 0
  m_Name: LeftHandIndex4
  m_TagString: Untagged
  m_Icon: {fileID: 0}
  m_NavMeshLayer: 0
  m_StaticEditorFlags: 0
  m_IsActive: 1
--- !u!4 &90858970846654589
Transform:
  m_ObjectHideFlags: 0
  m_CorrespondingSourceObject: {fileID: 0}
  m_PrefabInstance: {fileID: 0}
  m_PrefabAsset: {fileID: 0}
  m_GameObject: {fileID: 4459760621533021936}
  m_LocalRotation: {x: 0, y: -0, z: -0, w: 1}
  m_LocalPosition: {x: 0.000010755247, y: 0.02739627, z: 0.000000011847374}
  m_LocalScale: {x: 1, y: 1, z: 1}
  m_Children: []
  m_Father: {fileID: 3388099775991466243}
  m_RootOrder: 0
  m_LocalEulerAnglesHint: {x: 0, y: 0, z: 0}
--- !u!1 &4472378599460023568
GameObject:
  m_ObjectHideFlags: 0
  m_CorrespondingSourceObject: {fileID: 0}
  m_PrefabInstance: {fileID: 0}
  m_PrefabAsset: {fileID: 0}
  serializedVersion: 6
  m_Component:
  - component: {fileID: 4425405918418112622}
  m_Layer: 0
  m_Name: RightHandIndex4
  m_TagString: Untagged
  m_Icon: {fileID: 0}
  m_NavMeshLayer: 0
  m_StaticEditorFlags: 0
  m_IsActive: 1
--- !u!4 &4425405918418112622
Transform:
  m_ObjectHideFlags: 0
  m_CorrespondingSourceObject: {fileID: 0}
  m_PrefabInstance: {fileID: 0}
  m_PrefabAsset: {fileID: 0}
  m_GameObject: {fileID: 4472378599460023568}
  m_LocalRotation: {x: 0, y: -0, z: -0, w: 1}
  m_LocalPosition: {x: -0.0000028753368, y: 0.027188182, z: 2.7155805e-11}
  m_LocalScale: {x: 1, y: 1, z: 1}
  m_Children: []
  m_Father: {fileID: 217115866882803750}
  m_RootOrder: 0
  m_LocalEulerAnglesHint: {x: 0, y: 0, z: 0}
--- !u!1 &4657759085953632432
GameObject:
  m_ObjectHideFlags: 0
  m_CorrespondingSourceObject: {fileID: 0}
  m_PrefabInstance: {fileID: 0}
  m_PrefabAsset: {fileID: 0}
  serializedVersion: 6
  m_Component:
  - component: {fileID: 4801077687605903231}
  m_Layer: 0
  m_Name: LeftForeArm
  m_TagString: Untagged
  m_Icon: {fileID: 0}
  m_NavMeshLayer: 0
  m_StaticEditorFlags: 0
  m_IsActive: 1
--- !u!4 &4801077687605903231
Transform:
  m_ObjectHideFlags: 0
  m_CorrespondingSourceObject: {fileID: 0}
  m_PrefabInstance: {fileID: 0}
  m_PrefabAsset: {fileID: 0}
  m_GameObject: {fileID: 4657759085953632432}
  m_LocalRotation: {x: 0.09769439, y: 0.000068496294, z: -0.8300326, w: 0.5490918}
  m_LocalPosition: {x: 7.98445e-10, y: 0.24915676, z: -4.142595e-10}
  m_LocalScale: {x: 1, y: 1, z: 1}
  m_Children:
  - {fileID: 4267153209577749083}
  - {fileID: 7546687812596480377}
  m_Father: {fileID: 203507031739964650}
  m_RootOrder: 0
  m_LocalEulerAnglesHint: {x: 6.1423, y: -9.438477, z: -114.04198}
--- !u!1 &4703875926998439526
GameObject:
  m_ObjectHideFlags: 0
  m_CorrespondingSourceObject: {fileID: 0}
  m_PrefabInstance: {fileID: 0}
  m_PrefabAsset: {fileID: 0}
  serializedVersion: 6
  m_Component:
  - component: {fileID: 1050959939485508365}
  m_Layer: 0
  m_Name: RightToe_End
  m_TagString: Untagged
  m_Icon: {fileID: 0}
  m_NavMeshLayer: 0
  m_StaticEditorFlags: 0
  m_IsActive: 1
--- !u!4 &1050959939485508365
Transform:
  m_ObjectHideFlags: 0
  m_CorrespondingSourceObject: {fileID: 0}
  m_PrefabInstance: {fileID: 0}
  m_PrefabAsset: {fileID: 0}
  m_GameObject: {fileID: 4703875926998439526}
  m_LocalRotation: {x: 0, y: -0, z: -0, w: 1}
  m_LocalPosition: {x: -3.854609e-11, y: 0.06854544, z: -2.2552809e-11}
  m_LocalScale: {x: 1, y: 1, z: 1}
  m_Children: []
  m_Father: {fileID: 7630323858572631247}
  m_RootOrder: 0
  m_LocalEulerAnglesHint: {x: 0, y: 0, z: 0}
--- !u!1 &4719771565014985376
GameObject:
  m_ObjectHideFlags: 0
  m_CorrespondingSourceObject: {fileID: 0}
  m_PrefabInstance: {fileID: 0}
  m_PrefabAsset: {fileID: 0}
  serializedVersion: 6
  m_Component:
  - component: {fileID: 8082496495321529044}
  m_Layer: 0
  m_Name: LeftHandRing3
  m_TagString: Untagged
  m_Icon: {fileID: 0}
  m_NavMeshLayer: 0
  m_StaticEditorFlags: 0
  m_IsActive: 1
--- !u!4 &8082496495321529044
Transform:
  m_ObjectHideFlags: 0
  m_CorrespondingSourceObject: {fileID: 0}
  m_PrefabInstance: {fileID: 0}
  m_PrefabAsset: {fileID: 0}
  m_GameObject: {fileID: 4719771565014985376}
  m_LocalRotation: {x: 0.5493856, y: -0.00011029443, z: 0.059489023, w: 0.83344865}
  m_LocalPosition: {x: -0.000012269281, y: 0.03267279, z: 0.0000000044448343}
  m_LocalScale: {x: 1, y: 1, z: 1}
  m_Children:
  - {fileID: 4414055340925075012}
  m_Father: {fileID: 2800944487163986087}
  m_RootOrder: 0
  m_LocalEulerAnglesHint: {x: 66.31709, y: 9.338851, z: 14.274624}
--- !u!1 &4751449959457025980
GameObject:
  m_ObjectHideFlags: 0
  m_CorrespondingSourceObject: {fileID: 0}
  m_PrefabInstance: {fileID: 0}
  m_PrefabAsset: {fileID: 0}
  serializedVersion: 6
  m_Component:
  - component: {fileID: 8783448583233031451}
  m_Layer: 0
  m_Name: RightHandPinky1
  m_TagString: Untagged
  m_Icon: {fileID: 0}
  m_NavMeshLayer: 0
  m_StaticEditorFlags: 0
  m_IsActive: 1
--- !u!4 &8783448583233031451
Transform:
  m_ObjectHideFlags: 0
  m_CorrespondingSourceObject: {fileID: 0}
  m_PrefabInstance: {fileID: 0}
  m_PrefabAsset: {fileID: 0}
  m_GameObject: {fileID: 4751449959457025980}
  m_LocalRotation: {x: 0.5863471, y: 0.038879205, z: -0.0062838816, w: 0.809102}
  m_LocalPosition: {x: 0.027817717, y: 0.06626462, z: -0.00029853173}
  m_LocalScale: {x: 1, y: 1, z: 1}
  m_Children:
  - {fileID: 4369756351728427535}
  m_Father: {fileID: 6134089085699866791}
  m_RootOrder: 2
  m_LocalEulerAnglesHint: {x: 71.680374, y: 10.178611, z: 6.4712005}
--- !u!1 &4802723209873366042
GameObject:
  m_ObjectHideFlags: 0
  m_CorrespondingSourceObject: {fileID: 0}
  m_PrefabInstance: {fileID: 0}
  m_PrefabAsset: {fileID: 0}
  serializedVersion: 6
  m_Component:
  - component: {fileID: 1657255745732550737}
  m_Layer: 0
  m_Name: RightHandMiddle2
  m_TagString: Untagged
  m_Icon: {fileID: 0}
  m_NavMeshLayer: 0
  m_StaticEditorFlags: 0
  m_IsActive: 1
--- !u!4 &1657255745732550737
Transform:
  m_ObjectHideFlags: 0
  m_CorrespondingSourceObject: {fileID: 0}
  m_PrefabInstance: {fileID: 0}
  m_PrefabAsset: {fileID: 0}
  m_GameObject: {fileID: 4802723209873366042}
  m_LocalRotation: {x: 0.76232725, y: -0.000033155673, z: -0.07705319, w: 0.6425885}
  m_LocalPosition: {x: -0.000008004361, y: 0.045292467, z: -0.0000000010740231}
  m_LocalScale: {x: 1, y: 1, z: 1}
  m_Children:
  - {fileID: 7078577326219603476}
  m_Father: {fileID: 6947724032299960260}
  m_RootOrder: 0
  m_LocalEulerAnglesHint: {x: 78.4414, y: -144.08913, z: -150.36497}
--- !u!1 &4965705802004598315
GameObject:
  m_ObjectHideFlags: 0
  m_CorrespondingSourceObject: {fileID: 0}
  m_PrefabInstance: {fileID: 0}
  m_PrefabAsset: {fileID: 0}
  serializedVersion: 6
  m_Component:
  - component: {fileID: 9058830835677469583}
  - component: {fileID: 514228601}
  m_Layer: 0
  m_Name: RightFoot
  m_TagString: Untagged
  m_Icon: {fileID: 0}
  m_NavMeshLayer: 0
  m_StaticEditorFlags: 0
  m_IsActive: 1
--- !u!4 &9058830835677469583
Transform:
  m_ObjectHideFlags: 0
  m_CorrespondingSourceObject: {fileID: 0}
  m_PrefabInstance: {fileID: 0}
  m_PrefabAsset: {fileID: 0}
  m_GameObject: {fileID: 4965705802004598315}
  m_LocalRotation: {x: 0.6660885, y: -0.0900326, z: -0.20818935, w: 0.71054727}
  m_LocalPosition: {x: 0, y: 0.39722893, z: 1.3916271e-10}
  m_LocalScale: {x: 1, y: 1, z: 1}
  m_Children:
  - {fileID: 7078141639583860986}
  - {fileID: 7630323858572631247}
  m_Father: {fileID: 4648450793464844760}
  m_RootOrder: 0
  m_LocalEulerAnglesHint: {x: 62.651886, y: -63.77832, z: -73.85854}
--- !u!135 &514228601
SphereCollider:
  m_ObjectHideFlags: 0
  m_CorrespondingSourceObject: {fileID: 0}
  m_PrefabInstance: {fileID: 0}
  m_PrefabAsset: {fileID: 0}
  m_GameObject: {fileID: 4965705802004598315}
  m_Material: {fileID: 0}
  m_IsTrigger: 0
  m_Enabled: 1
  serializedVersion: 2
  m_Radius: 0.20418757
  m_Center: {x: 0.013192054, y: 0.13597235, z: -0.01997457}
--- !u!1 &5424559062281284640
GameObject:
  m_ObjectHideFlags: 0
  m_CorrespondingSourceObject: {fileID: 0}
  m_PrefabInstance: {fileID: 0}
  m_PrefabAsset: {fileID: 0}
  serializedVersion: 6
  m_Component:
  - component: {fileID: 8859913570198536805}
  m_Layer: 0
  m_Name: RightHandThumb1
  m_TagString: Untagged
  m_Icon: {fileID: 0}
  m_NavMeshLayer: 0
  m_StaticEditorFlags: 0
  m_IsActive: 1
--- !u!4 &8859913570198536805
Transform:
  m_ObjectHideFlags: 0
  m_CorrespondingSourceObject: {fileID: 0}
  m_PrefabInstance: {fileID: 0}
  m_PrefabAsset: {fileID: 0}
  m_GameObject: {fileID: 5424559062281284640}
  m_LocalRotation: {x: 0.2756809, y: 0.1395176, z: 0.1230781, w: 0.943073}
  m_LocalPosition: {x: -0.02341545, y: 0.017205972, z: 0.0071058115}
  m_LocalScale: {x: 1, y: 1, z: 1}
  m_Children:
  - {fileID: 8273790440639921406}
  m_Father: {fileID: 6134089085699866791}
  m_RootOrder: 4
  m_LocalEulerAnglesHint: {x: 29.05384, y: 22.250725, z: 20.705118}
--- !u!1 &5640253486929839392
GameObject:
  m_ObjectHideFlags: 0
  m_CorrespondingSourceObject: {fileID: 0}
  m_PrefabInstance: {fileID: 0}
  m_PrefabAsset: {fileID: 0}
  serializedVersion: 6
  m_Component:
  - component: {fileID: 5757584253649660998}
  m_Layer: 0
  m_Name: LeftHandThumb4
  m_TagString: Untagged
  m_Icon: {fileID: 0}
  m_NavMeshLayer: 0
  m_StaticEditorFlags: 0
  m_IsActive: 1
--- !u!4 &5757584253649660998
Transform:
  m_ObjectHideFlags: 0
  m_CorrespondingSourceObject: {fileID: 0}
  m_PrefabInstance: {fileID: 0}
  m_PrefabAsset: {fileID: 0}
  m_GameObject: {fileID: 5640253486929839392}
  m_LocalRotation: {x: 0, y: -0, z: -0, w: 1}
  m_LocalPosition: {x: -0.0058766794, y: 0.029916534, z: -7.2476497e-10}
  m_LocalScale: {x: 1, y: 1, z: 1}
  m_Children: []
  m_Father: {fileID: 364368735168226026}
  m_RootOrder: 0
  m_LocalEulerAnglesHint: {x: 0, y: 0, z: 0}
--- !u!1 &5654065069883936047
GameObject:
  m_ObjectHideFlags: 0
  m_CorrespondingSourceObject: {fileID: 0}
  m_PrefabInstance: {fileID: 0}
  m_PrefabAsset: {fileID: 0}
  serializedVersion: 6
  m_Component:
  - component: {fileID: 4267153209577749083}
  m_Layer: 0
  m_Name: LeftForeArm_IK_BakingLOC
  m_TagString: Untagged
  m_Icon: {fileID: 0}
  m_NavMeshLayer: 0
  m_StaticEditorFlags: 0
  m_IsActive: 1
--- !u!4 &4267153209577749083
Transform:
  m_ObjectHideFlags: 0
  m_CorrespondingSourceObject: {fileID: 0}
  m_PrefabInstance: {fileID: 0}
  m_PrefabAsset: {fileID: 0}
  m_GameObject: {fileID: 5654065069883936047}
  m_LocalRotation: {x: 0, y: -0, z: -0, w: 1}
  m_LocalPosition: {x: -0.12457838, y: 0, z: 0}
  m_LocalScale: {x: 1, y: 1, z: 1}
  m_Children: []
  m_Father: {fileID: 4801077687605903231}
  m_RootOrder: 0
  m_LocalEulerAnglesHint: {x: 0, y: 0, z: 0}
--- !u!1 &5671310544903999703
GameObject:
  m_ObjectHideFlags: 0
  m_CorrespondingSourceObject: {fileID: 0}
  m_PrefabInstance: {fileID: 0}
  m_PrefabAsset: {fileID: 0}
  serializedVersion: 6
  m_Component:
  - component: {fileID: 356219283902435403}
  m_Layer: 0
  m_Name: LeftHandPinky4
  m_TagString: Untagged
  m_Icon: {fileID: 0}
  m_NavMeshLayer: 0
  m_StaticEditorFlags: 0
  m_IsActive: 1
--- !u!4 &356219283902435403
Transform:
  m_ObjectHideFlags: 0
  m_CorrespondingSourceObject: {fileID: 0}
  m_PrefabInstance: {fileID: 0}
  m_PrefabAsset: {fileID: 0}
  m_GameObject: {fileID: 5671310544903999703}
  m_LocalRotation: {x: 0, y: -0, z: -0, w: 1}
  m_LocalPosition: {x: -0.000048225604, y: 0.028228946, z: 1.8803546e-10}
  m_LocalScale: {x: 1, y: 1, z: 1}
  m_Children: []
  m_Father: {fileID: 5825133524200336767}
  m_RootOrder: 0
  m_LocalEulerAnglesHint: {x: 0, y: 0, z: 0}
--- !u!1 &5754685113446659597
GameObject:
  m_ObjectHideFlags: 0
  m_CorrespondingSourceObject: {fileID: 0}
  m_PrefabInstance: {fileID: 0}
  m_PrefabAsset: {fileID: 0}
  serializedVersion: 6
  m_Component:
  - component: {fileID: 3014469254917261305}
  m_Layer: 0
  m_Name: LeftHandThumb1
  m_TagString: Untagged
  m_Icon: {fileID: 0}
  m_NavMeshLayer: 0
  m_StaticEditorFlags: 0
  m_IsActive: 1
--- !u!4 &3014469254917261305
Transform:
  m_ObjectHideFlags: 0
  m_CorrespondingSourceObject: {fileID: 0}
  m_PrefabInstance: {fileID: 0}
  m_PrefabAsset: {fileID: 0}
  m_GameObject: {fileID: 5754685113446659597}
  m_LocalRotation: {x: 0.27542597, y: -0.16239007, z: -0.11525342, w: 0.94047153}
  m_LocalPosition: {x: 0.02392908, y: 0.015592131, z: 0.0076388535}
  m_LocalScale: {x: 1, y: 1, z: 1}
  m_Children:
  - {fileID: 9155698354658531092}
  m_Father: {fileID: 7546687812596480377}
  m_RootOrder: 4
  m_LocalEulerAnglesHint: {x: 28.72646, y: -24.87965, z: -20.439507}
--- !u!1 &5839610104833161143
GameObject:
  m_ObjectHideFlags: 0
  m_CorrespondingSourceObject: {fileID: 0}
  m_PrefabInstance: {fileID: 0}
  m_PrefabAsset: {fileID: 0}
  serializedVersion: 6
  m_Component:
  - component: {fileID: 2394955625844154129}
  m_Layer: 0
  m_Name: RightHandRing4
  m_TagString: Untagged
  m_Icon: {fileID: 0}
  m_NavMeshLayer: 0
  m_StaticEditorFlags: 0
  m_IsActive: 1
--- !u!4 &2394955625844154129
Transform:
  m_ObjectHideFlags: 0
  m_CorrespondingSourceObject: {fileID: 0}
  m_PrefabInstance: {fileID: 0}
  m_PrefabAsset: {fileID: 0}
  m_GameObject: {fileID: 5839610104833161143}
  m_LocalRotation: {x: 0, y: -0, z: -0, w: 1}
  m_LocalPosition: {x: -0.000020153802, y: 0.03267689, z: -2.2910768e-10}
  m_LocalScale: {x: 1, y: 1, z: 1}
  m_Children: []
  m_Father: {fileID: 1102226837854558963}
  m_RootOrder: 0
  m_LocalEulerAnglesHint: {x: 0, y: 0, z: 0}
--- !u!1 &6088517295551836428
GameObject:
  m_ObjectHideFlags: 0
  m_CorrespondingSourceObject: {fileID: 0}
  m_PrefabInstance: {fileID: 0}
  m_PrefabAsset: {fileID: 0}
  serializedVersion: 6
  m_Component:
  - component: {fileID: 2242667893083718887}
  m_Layer: 0
  m_Name: LeftLeg
  m_TagString: Untagged
  m_Icon: {fileID: 0}
  m_NavMeshLayer: 0
  m_StaticEditorFlags: 0
  m_IsActive: 1
--- !u!4 &2242667893083718887
Transform:
  m_ObjectHideFlags: 0
  m_CorrespondingSourceObject: {fileID: 0}
  m_PrefabInstance: {fileID: 0}
  m_PrefabAsset: {fileID: 0}
  m_GameObject: {fileID: 6088517295551836428}
  m_LocalRotation: {x: -0.506981, y: -0.062027585, z: -0.0096030645, w: 0.8596689}
  m_LocalPosition: {x: -0.0002114813, y: 0.4192479, z: -0.00048358148}
  m_LocalScale: {x: 1, y: 1, z: 1}
  m_Children:
  - {fileID: 4403090007295310455}
  - {fileID: 1207365369719298030}
  m_Father: {fileID: 206333985841961917}
  m_RootOrder: 0
  m_LocalEulerAnglesHint: {x: -55.442776, y: -12.591773, z: 5.7281413}
--- !u!1 &6168826883203616929
GameObject:
  m_ObjectHideFlags: 0
  m_CorrespondingSourceObject: {fileID: 0}
  m_PrefabInstance: {fileID: 0}
  m_PrefabAsset: {fileID: 0}
  serializedVersion: 6
  m_Component:
  - component: {fileID: 5825133524200336767}
  m_Layer: 0
  m_Name: LeftHandPinky3
  m_TagString: Untagged
  m_Icon: {fileID: 0}
  m_NavMeshLayer: 0
  m_StaticEditorFlags: 0
  m_IsActive: 1
--- !u!4 &5825133524200336767
Transform:
  m_ObjectHideFlags: 0
  m_CorrespondingSourceObject: {fileID: 0}
  m_PrefabInstance: {fileID: 0}
  m_PrefabAsset: {fileID: 0}
  m_GameObject: {fileID: 6168826883203616929}
  m_LocalRotation: {x: 0.5424865, y: 0.0004840439, z: 0.05606439, w: 0.8381915}
  m_LocalPosition: {x: -0.0000003144129, y: 0.022945544, z: 0.000000011846642}
  m_LocalScale: {x: 1, y: 1, z: 1}
  m_Children:
  - {fileID: 356219283902435403}
  m_Father: {fileID: 4345126706310309336}
  m_RootOrder: 0
  m_LocalEulerAnglesHint: {x: 65.41717, y: 8.520867, z: 13.131357}
--- !u!1 &6354550698655024140
GameObject:
  m_ObjectHideFlags: 0
  m_CorrespondingSourceObject: {fileID: 0}
  m_PrefabInstance: {fileID: 0}
  m_PrefabAsset: {fileID: 0}
  serializedVersion: 6
  m_Component:
  - component: {fileID: 4258138245169875649}
  m_Layer: 0
  m_Name: Root
  m_TagString: Untagged
  m_Icon: {fileID: 0}
  m_NavMeshLayer: 0
  m_StaticEditorFlags: 0
  m_IsActive: 1
--- !u!4 &4258138245169875649
Transform:
  m_ObjectHideFlags: 0
  m_CorrespondingSourceObject: {fileID: 0}
  m_PrefabInstance: {fileID: 0}
  m_PrefabAsset: {fileID: 0}
  m_GameObject: {fileID: 6354550698655024140}
  m_LocalRotation: {x: -0.048533797, y: 0.3919403, z: -0.014052763, w: 0.9186021}
  m_LocalPosition: {x: -0.0050366083, y: 0.8204801, z: -0.0054786955}
  m_LocalScale: {x: 1, y: 1, z: 1}
  m_Children:
  - {fileID: 7755100975809319105}
  - {fileID: 6494404432427809759}
  m_Father: {fileID: 1358824252280049569}
  m_RootOrder: 1
  m_LocalEulerAnglesHint: {x: -4.003655, y: 45.832344, z: -2.8247063}
--- !u!1 &6365072823147827288
GameObject:
  m_ObjectHideFlags: 0
  m_CorrespondingSourceObject: {fileID: 0}
  m_PrefabInstance: {fileID: 0}
  m_PrefabAsset: {fileID: 0}
  serializedVersion: 6
  m_Component:
  - component: {fileID: 8119261039068561526}
  m_Layer: 0
  m_Name: RightForeArm_IK_BakingLOC
  m_TagString: Untagged
  m_Icon: {fileID: 0}
  m_NavMeshLayer: 0
  m_StaticEditorFlags: 0
  m_IsActive: 1
--- !u!4 &8119261039068561526
Transform:
  m_ObjectHideFlags: 0
  m_CorrespondingSourceObject: {fileID: 0}
  m_PrefabInstance: {fileID: 0}
  m_PrefabAsset: {fileID: 0}
  m_GameObject: {fileID: 6365072823147827288}
  m_LocalRotation: {x: 0, y: -0, z: -0, w: 1}
  m_LocalPosition: {x: 0.12458012, y: 0, z: 0}
  m_LocalScale: {x: 1, y: 1, z: 1}
  m_Children: []
  m_Father: {fileID: 604885652069923054}
  m_RootOrder: 0
  m_LocalEulerAnglesHint: {x: 0, y: 0, z: 0}
--- !u!1 &6380663321209128695
GameObject:
  m_ObjectHideFlags: 0
  m_CorrespondingSourceObject: {fileID: 0}
  m_PrefabInstance: {fileID: 0}
  m_PrefabAsset: {fileID: 0}
  serializedVersion: 6
  m_Component:
  - component: {fileID: 1339901314505571916}
  m_Layer: 0
  m_Name: LeftHandPinky1
  m_TagString: Untagged
  m_Icon: {fileID: 0}
  m_NavMeshLayer: 0
  m_StaticEditorFlags: 0
  m_IsActive: 1
--- !u!4 &1339901314505571916
Transform:
  m_ObjectHideFlags: 0
  m_CorrespondingSourceObject: {fileID: 0}
  m_PrefabInstance: {fileID: 0}
  m_PrefabAsset: {fileID: 0}
  m_GameObject: {fileID: 6380663321209128695}
  m_LocalRotation: {x: 0.62897176, y: -0.045453425, z: 0.01644309, w: 0.77592415}
  m_LocalPosition: {x: -0.026228355, y: 0.06340107, z: -0.00031645066}
  m_LocalScale: {x: 1, y: 1, z: 1}
  m_Children:
  - {fileID: 4345126706310309336}
  m_Father: {fileID: 7546687812596480377}
  m_RootOrder: 2
  m_LocalEulerAnglesHint: {x: 77.84008, y: -13.690037, z: -8.644656}
--- !u!1 &6466908906014704016
GameObject:
  m_ObjectHideFlags: 0
  m_CorrespondingSourceObject: {fileID: 0}
  m_PrefabInstance: {fileID: 0}
  m_PrefabAsset: {fileID: 0}
  serializedVersion: 6
  m_Component:
  - component: {fileID: 8273790440639921406}
  m_Layer: 0
  m_Name: RightHandThumb2
  m_TagString: Untagged
  m_Icon: {fileID: 0}
  m_NavMeshLayer: 0
  m_StaticEditorFlags: 0
  m_IsActive: 1
--- !u!4 &8273790440639921406
Transform:
  m_ObjectHideFlags: 0
  m_CorrespondingSourceObject: {fileID: 0}
  m_PrefabInstance: {fileID: 0}
  m_PrefabAsset: {fileID: 0}
  m_GameObject: {fileID: 6466908906014704016}
  m_LocalRotation: {x: 0.086814456, y: 0.022657676, z: -0.17076576, w: 0.9812181}
  m_LocalPosition: {x: -0.0067425575, y: 0.03097352, z: -0.00000004403258}
  m_LocalScale: {x: 1, y: 1, z: 1}
  m_Children:
  - {fileID: 4103645129326448779}
  m_Father: {fileID: 8859913570198536805}
  m_RootOrder: 0
  m_LocalEulerAnglesHint: {x: 10.259467, y: 0.8626251, z: -19.667677}
--- !u!1 &6480578230563740100
GameObject:
  m_ObjectHideFlags: 0
  m_CorrespondingSourceObject: {fileID: 0}
  m_PrefabInstance: {fileID: 0}
  m_PrefabAsset: {fileID: 0}
  serializedVersion: 6
  m_Component:
  - component: {fileID: 3741799800344929328}
  m_Layer: 0
  m_Name: RightUpLeg
  m_TagString: Untagged
  m_Icon: {fileID: 0}
  m_NavMeshLayer: 0
  m_StaticEditorFlags: 0
  m_IsActive: 1
--- !u!4 &3741799800344929328
Transform:
  m_ObjectHideFlags: 0
  m_CorrespondingSourceObject: {fileID: 0}
  m_PrefabInstance: {fileID: 0}
  m_PrefabAsset: {fileID: 0}
  m_GameObject: {fileID: 6480578230563740100}
  m_LocalRotation: {x: 0.15047507, y: 0.051355325, z: 0.9477423, w: -0.2765944}
  m_LocalPosition: {x: 0.106010415, y: -0.043029994, z: 0.0052789967}
  m_LocalScale: {x: 1, y: 1, z: 1}
  m_Children:
  - {fileID: 4648450793464844760}
  m_Father: {fileID: 7755100975809319105}
  m_RootOrder: 1
  m_LocalEulerAnglesHint: {x: -11.0007925, y: 16.042316, z: -149.5476}
--- !u!1 &6483542203747871190
GameObject:
  m_ObjectHideFlags: 0
  m_CorrespondingSourceObject: {fileID: 0}
  m_PrefabInstance: {fileID: 0}
  m_PrefabAsset: {fileID: 0}
  serializedVersion: 6
  m_Component:
  - component: {fileID: 7546687812596480377}
  m_Layer: 0
  m_Name: LeftHand
  m_TagString: Untagged
  m_Icon: {fileID: 0}
  m_NavMeshLayer: 0
  m_StaticEditorFlags: 0
  m_IsActive: 1
--- !u!4 &7546687812596480377
Transform:
  m_ObjectHideFlags: 0
  m_CorrespondingSourceObject: {fileID: 0}
  m_PrefabInstance: {fileID: 0}
  m_PrefabAsset: {fileID: 0}
  m_GameObject: {fileID: 6483542203747871190}
  m_LocalRotation: {x: -0.07818977, y: -0.2541985, z: 0.08340617, w: 0.96037126}
  m_LocalPosition: {x: 2.9261107e-11, y: 0.2455039, z: -1.5804176e-11}
  m_LocalScale: {x: 1, y: 1, z: 1}
  m_Children:
  - {fileID: 2463687343734670259}
  - {fileID: 6925718858857980013}
  - {fileID: 1339901314505571916}
  - {fileID: 1963786198203966611}
  - {fileID: 3014469254917261305}
  m_Father: {fileID: 4801077687605903231}
  m_RootOrder: 1
  m_LocalEulerAnglesHint: {x: -3.2252355, y: -31.351822, z: 13.525386}
--- !u!1 &6535349030563208766
GameObject:
  m_ObjectHideFlags: 0
  m_CorrespondingSourceObject: {fileID: 0}
  m_PrefabInstance: {fileID: 0}
  m_PrefabAsset: {fileID: 0}
  serializedVersion: 6
  m_Component:
  - component: {fileID: 1963786198203966611}
  m_Layer: 0
  m_Name: LeftHandRing1
  m_TagString: Untagged
  m_Icon: {fileID: 0}
  m_NavMeshLayer: 0
  m_StaticEditorFlags: 0
  m_IsActive: 1
--- !u!4 &1963786198203966611
Transform:
  m_ObjectHideFlags: 0
  m_CorrespondingSourceObject: {fileID: 0}
  m_PrefabInstance: {fileID: 0}
  m_PrefabAsset: {fileID: 0}
  m_GameObject: {fileID: 6535349030563208766}
  m_LocalRotation: {x: 0.6127431, y: -0.039250474, z: 0.00982026, w: 0.7892458}
  m_LocalPosition: {x: -0.012132234, y: 0.06807564, z: -0.0008311539}
  m_LocalScale: {x: 1, y: 1, z: 1}
  m_Children:
  - {fileID: 2800944487163986087}
  m_Father: {fileID: 7546687812596480377}
  m_RootOrder: 3
  m_LocalEulerAnglesHint: {x: 75.46184, y: -11.471038, z: -7.461879}
--- !u!1 &6535717877531194092
GameObject:
  m_ObjectHideFlags: 0
  m_CorrespondingSourceObject: {fileID: 0}
  m_PrefabInstance: {fileID: 0}
  m_PrefabAsset: {fileID: 0}
  serializedVersion: 6
  m_Component:
  - component: {fileID: 6134089085699866791}
  m_Layer: 0
  m_Name: RightHand
  m_TagString: Untagged
  m_Icon: {fileID: 0}
  m_NavMeshLayer: 0
  m_StaticEditorFlags: 0
  m_IsActive: 1
--- !u!4 &6134089085699866791
Transform:
  m_ObjectHideFlags: 0
  m_CorrespondingSourceObject: {fileID: 0}
  m_PrefabInstance: {fileID: 0}
  m_PrefabAsset: {fileID: 0}
  m_GameObject: {fileID: 6535717877531194092}
  m_LocalRotation: {x: -0.15260302, y: -0.037133563, z: 0.06911204, w: 0.9851685}
  m_LocalPosition: {x: -1.0714505e-11, y: 0.24550316, z: 6.181608e-11}
  m_LocalScale: {x: 1, y: 1, z: 1}
  m_Children:
  - {fileID: 3642162412993613100}
  - {fileID: 6947724032299960260}
  - {fileID: 8783448583233031451}
  - {fileID: 4330280663488097816}
  - {fileID: 8859913570198536805}
  m_Father: {fileID: 604885652069923054}
  m_RootOrder: 1
  m_LocalEulerAnglesHint: {x: -17.604725, y: -6.795346, z: 7.6355486}
--- !u!1 &6684351422505106227
GameObject:
  m_ObjectHideFlags: 0
  m_CorrespondingSourceObject: {fileID: 0}
  m_PrefabInstance: {fileID: 0}
  m_PrefabAsset: {fileID: 0}
  serializedVersion: 6
  m_Component:
  - component: {fileID: 6175427335998888882}
  m_Layer: 0
  m_Name: LeftHandMiddle3
  m_TagString: Untagged
  m_Icon: {fileID: 0}
  m_NavMeshLayer: 0
  m_StaticEditorFlags: 0
  m_IsActive: 1
--- !u!4 &6175427335998888882
Transform:
  m_ObjectHideFlags: 0
  m_CorrespondingSourceObject: {fileID: 0}
  m_PrefabInstance: {fileID: 0}
  m_PrefabAsset: {fileID: 0}
  m_GameObject: {fileID: 6684351422505106227}
  m_LocalRotation: {x: 0.3580201, y: 0.00006635263, z: 0.03671545, w: 0.93299174}
  m_LocalPosition: {x: -0.00002019208, y: 0.03247456, z: 0.000000020197483}
  m_LocalScale: {x: 1, y: 1, z: 1}
  m_Children:
  - {fileID: 1605424277160481298}
  m_Father: {fileID: 1481116401635352013}
  m_RootOrder: 0
  m_LocalEulerAnglesHint: {x: 41.9171, y: 2.0342405, z: 5.28638}
--- !u!1 &6827626105270991923
GameObject:
  m_ObjectHideFlags: 0
  m_CorrespondingSourceObject: {fileID: 0}
  m_PrefabInstance: {fileID: 0}
  m_PrefabAsset: {fileID: 0}
  serializedVersion: 6
  m_Component:
  - component: {fileID: 4369756351728427535}
  m_Layer: 0
  m_Name: RightHandPinky2
  m_TagString: Untagged
  m_Icon: {fileID: 0}
  m_NavMeshLayer: 0
  m_StaticEditorFlags: 0
  m_IsActive: 1
--- !u!4 &4369756351728427535
Transform:
  m_ObjectHideFlags: 0
  m_CorrespondingSourceObject: {fileID: 0}
  m_PrefabInstance: {fileID: 0}
  m_PrefabAsset: {fileID: 0}
  m_GameObject: {fileID: 6827626105270991923}
  m_LocalRotation: {x: 0.6832292, y: 0.00037961028, z: -0.06813126, w: 0.72701854}
  m_LocalPosition: {x: -0.000044048033, y: 0.03311044, z: 5.769303e-10}
  m_LocalScale: {x: 1, y: 1, z: 1}
  m_Children:
  - {fileID: 8864940113272824222}
  m_Father: {fileID: 8783448583233031451}
  m_RootOrder: 0
  m_LocalEulerAnglesHint: {x: 83.459854, y: -54.343285, z: -59.905846}
--- !u!1 &6954862314827039361
GameObject:
  m_ObjectHideFlags: 0
  m_CorrespondingSourceObject: {fileID: 0}
  m_PrefabInstance: {fileID: 0}
  m_PrefabAsset: {fileID: 0}
  serializedVersion: 6
  m_Component:
  - component: {fileID: 5921225949847524406}
  m_Layer: 0
  m_Name: RightLeg_IK_BakingLOC
  m_TagString: Untagged
  m_Icon: {fileID: 0}
  m_NavMeshLayer: 0
  m_StaticEditorFlags: 0
  m_IsActive: 1
--- !u!4 &5921225949847524406
Transform:
  m_ObjectHideFlags: 0
  m_CorrespondingSourceObject: {fileID: 0}
  m_PrefabInstance: {fileID: 0}
  m_PrefabAsset: {fileID: 0}
  m_GameObject: {fileID: 6954862314827039361}
  m_LocalRotation: {x: 0, y: -0, z: -0, w: 1}
  m_LocalPosition: {x: -0, y: 0, z: 0.20956689}
  m_LocalScale: {x: 1, y: 1, z: 1}
  m_Children: []
  m_Father: {fileID: 4648450793464844760}
  m_RootOrder: 1
  m_LocalEulerAnglesHint: {x: 0, y: 0, z: 0}
--- !u!1 &6978046660917249229
GameObject:
  m_ObjectHideFlags: 0
  m_CorrespondingSourceObject: {fileID: 0}
  m_PrefabInstance: {fileID: 0}
  m_PrefabAsset: {fileID: 0}
  serializedVersion: 6
  m_Component:
  - component: {fileID: 5792108604817466924}
  - component: {fileID: 5237036511358083127}
  m_Layer: 0
  m_Name: AvatarBot
  m_TagString: Untagged
  m_Icon: {fileID: 0}
  m_NavMeshLayer: 0
  m_StaticEditorFlags: 0
  m_IsActive: 1
--- !u!4 &5792108604817466924
Transform:
  m_ObjectHideFlags: 0
  m_CorrespondingSourceObject: {fileID: 0}
  m_PrefabInstance: {fileID: 0}
  m_PrefabAsset: {fileID: 0}
  m_GameObject: {fileID: 6978046660917249229}
  m_LocalRotation: {x: 0, y: -0, z: -0, w: 1}
  m_LocalPosition: {x: -0, y: 0, z: 0}
  m_LocalScale: {x: 1, y: 1, z: 1}
  m_Children: []
  m_Father: {fileID: 1358824252280049569}
  m_RootOrder: 0
  m_LocalEulerAnglesHint: {x: 0, y: 0, z: 0}
--- !u!137 &5237036511358083127
SkinnedMeshRenderer:
  m_ObjectHideFlags: 0
  m_CorrespondingSourceObject: {fileID: 0}
  m_PrefabInstance: {fileID: 0}
  m_PrefabAsset: {fileID: 0}
  m_GameObject: {fileID: 6978046660917249229}
  m_Enabled: 1
  m_CastShadows: 1
  m_ReceiveShadows: 1
  m_DynamicOccludee: 1
  m_MotionVectors: 1
  m_LightProbeUsage: 1
  m_ReflectionProbeUsage: 1
  m_RayTracingMode: 3
  m_RayTraceProcedural: 0
  m_RenderingLayerMask: 1
  m_RendererPriority: 0
  m_Materials:
  - {fileID: 2100000, guid: 47064faf9f3dd1e4ab5b1c7561d825fc, type: 2}
  m_StaticBatchInfo:
    firstSubMesh: 0
    subMeshCount: 0
  m_StaticBatchRoot: {fileID: 0}
  m_ProbeAnchor: {fileID: 0}
  m_LightProbeVolumeOverride: {fileID: 0}
  m_ScaleInLightmap: 1
  m_ReceiveGI: 1
  m_PreserveUVs: 0
  m_IgnoreNormalsForChartDetection: 0
  m_ImportantGI: 0
  m_StitchLightmapSeams: 1
  m_SelectedEditorRenderState: 3
  m_MinimumChartSize: 4
  m_AutoUVMaxDistance: 0.5
  m_AutoUVMaxAngle: 89
  m_LightmapParameters: {fileID: 0}
  m_SortingLayerID: 0
  m_SortingLayer: 0
  m_SortingOrder: 0
  serializedVersion: 2
  m_Quality: 0
  m_UpdateWhenOffscreen: 0
  m_SkinnedMotionVectors: 1
  m_Mesh: {fileID: -436981083157321354, guid: 0fb80be089349cb44a7d5c9c9171f5c3, type: 3}
  m_Bones:
  - {fileID: 7755100975809319105}
  - {fileID: 6494404432427809759}
  - {fileID: 363935818370380935}
  - {fileID: 8943020925220798579}
  - {fileID: 3869819727973957779}
  - {fileID: 203507031739964650}
  - {fileID: 4801077687605903231}
  - {fileID: 7546687812596480377}
  - {fileID: 3014469254917261305}
  - {fileID: 9155698354658531092}
  - {fileID: 364368735168226026}
  - {fileID: 2463687343734670259}
  - {fileID: 1294351716834384794}
  - {fileID: 3388099775991466243}
  - {fileID: 6925718858857980013}
  - {fileID: 1481116401635352013}
  - {fileID: 6175427335998888882}
  - {fileID: 1963786198203966611}
  - {fileID: 2800944487163986087}
  - {fileID: 8082496495321529044}
  - {fileID: 1339901314505571916}
  - {fileID: 4345126706310309336}
  - {fileID: 5825133524200336767}
  - {fileID: 4786209598453679530}
  - {fileID: 1750169713716070380}
  - {fileID: 604885652069923054}
  - {fileID: 6134089085699866791}
  - {fileID: 8859913570198536805}
  - {fileID: 8273790440639921406}
  - {fileID: 4103645129326448779}
  - {fileID: 3642162412993613100}
  - {fileID: 8527152352276396571}
  - {fileID: 217115866882803750}
  - {fileID: 6947724032299960260}
  - {fileID: 1657255745732550737}
  - {fileID: 7078577326219603476}
  - {fileID: 4330280663488097816}
  - {fileID: 8805380256680985401}
  - {fileID: 1102226837854558963}
  - {fileID: 8783448583233031451}
  - {fileID: 4369756351728427535}
  - {fileID: 8864940113272824222}
  - {fileID: 2402767094882907732}
  - {fileID: 4616311209304790812}
  - {fileID: 206333985841961917}
  - {fileID: 2242667893083718887}
  - {fileID: 4403090007295310455}
  - {fileID: 8841279827125312277}
  - {fileID: 3741799800344929328}
  - {fileID: 4648450793464844760}
  - {fileID: 9058830835677469583}
  - {fileID: 7630323858572631247}
  - {fileID: 4258138245169875649}
  m_BlendShapeWeights: []
  m_RootBone: {fileID: 4258138245169875649}
  m_AABB:
    m_Center: {x: 0.001987815, y: -0.10851538, z: 0.029119149}
    m_Extent: {x: 0.81745195, y: 0.92957747, z: 0.18943241}
  m_DirtyAABB: 0
--- !u!1 &7447538519188996853
GameObject:
  m_ObjectHideFlags: 0
  m_CorrespondingSourceObject: {fileID: 0}
  m_PrefabInstance: {fileID: 0}
  m_PrefabAsset: {fileID: 0}
  serializedVersion: 6
  m_Component:
  - component: {fileID: 4330280663488097816}
  m_Layer: 0
  m_Name: RightHandRing1
  m_TagString: Untagged
  m_Icon: {fileID: 0}
  m_NavMeshLayer: 0
  m_StaticEditorFlags: 0
  m_IsActive: 1
--- !u!4 &4330280663488097816
Transform:
  m_ObjectHideFlags: 0
  m_CorrespondingSourceObject: {fileID: 0}
  m_PrefabInstance: {fileID: 0}
  m_PrefabAsset: {fileID: 0}
  m_GameObject: {fileID: 7447538519188996853}
  m_LocalRotation: {x: 0.6148219, y: 0.039459243, z: -0.010071626, w: 0.78761387}
  m_LocalPosition: {x: 0.010361353, y: 0.07306891, z: -0.00012975826}
  m_LocalScale: {x: 1, y: 1, z: 1}
  m_Children:
  - {fileID: 8805380256680985401}
  m_Father: {fileID: 6134089085699866791}
  m_RootOrder: 3
  m_LocalEulerAnglesHint: {x: 75.76128, y: 11.674947, z: 7.6295123}
--- !u!1 &7720587033173147928
GameObject:
  m_ObjectHideFlags: 0
  m_CorrespondingSourceObject: {fileID: 0}
  m_PrefabInstance: {fileID: 0}
  m_PrefabAsset: {fileID: 0}
  serializedVersion: 6
  m_Component:
  - component: {fileID: 2800944487163986087}
  m_Layer: 0
  m_Name: LeftHandRing2
  m_TagString: Untagged
  m_Icon: {fileID: 0}
  m_NavMeshLayer: 0
  m_StaticEditorFlags: 0
  m_IsActive: 1
--- !u!4 &2800944487163986087
Transform:
  m_ObjectHideFlags: 0
  m_CorrespondingSourceObject: {fileID: 0}
  m_PrefabInstance: {fileID: 0}
  m_PrefabAsset: {fileID: 0}
  m_GameObject: {fileID: 7720587033173147928}
  m_LocalRotation: {x: 0.74814457, y: 0.0002417744, z: 0.08035366, w: 0.65865237}
  m_LocalPosition: {x: -0.000012135041, y: 0.04276829, z: -0.00000000795936}
  m_LocalScale: {x: 1, y: 1, z: 1}
  m_Children:
  - {fileID: 8082496495321529044}
  m_Father: {fileID: 1963786198203966611}
  m_RootOrder: 0
  m_LocalEulerAnglesHint: {x: 80.22953, y: 134.73497, z: 141.2535}
--- !u!1 &7887146335054253404
GameObject:
  m_ObjectHideFlags: 0
  m_CorrespondingSourceObject: {fileID: 0}
  m_PrefabInstance: {fileID: 0}
  m_PrefabAsset: {fileID: 0}
  serializedVersion: 6
  m_Component:
  - component: {fileID: 3642162412993613100}
  m_Layer: 0
  m_Name: RightHandIndex1
  m_TagString: Untagged
  m_Icon: {fileID: 0}
  m_NavMeshLayer: 0
  m_StaticEditorFlags: 0
  m_IsActive: 1
--- !u!4 &3642162412993613100
Transform:
  m_ObjectHideFlags: 0
  m_CorrespondingSourceObject: {fileID: 0}
  m_PrefabInstance: {fileID: 0}
  m_PrefabAsset: {fileID: 0}
  m_GameObject: {fileID: 7887146335054253404}
  m_LocalRotation: {x: 0.64009917, y: 0.042557526, z: -0.013385582, w: 0.76699597}
  m_LocalPosition: {x: -0.031691138, y: 0.0787984, z: -0.0020243798}
  m_LocalScale: {x: 1, y: 1, z: 1}
  m_Children:
  - {fileID: 8527152352276396571}
  m_Father: {fileID: 6134089085699866791}
  m_RootOrder: 0
  m_LocalEulerAnglesHint: {x: 79.4346, y: 15.223383, z: 10.669862}
--- !u!1 &8195272527927787786
GameObject:
  m_ObjectHideFlags: 0
  m_CorrespondingSourceObject: {fileID: 0}
  m_PrefabInstance: {fileID: 0}
  m_PrefabAsset: {fileID: 0}
  serializedVersion: 6
  m_Component:
  - component: {fileID: 8864940113272824222}
  m_Layer: 0
  m_Name: RightHandPinky3
  m_TagString: Untagged
  m_Icon: {fileID: 0}
  m_NavMeshLayer: 0
  m_StaticEditorFlags: 0
  m_IsActive: 1
--- !u!4 &8864940113272824222
Transform:
  m_ObjectHideFlags: 0
  m_CorrespondingSourceObject: {fileID: 0}
  m_PrefabInstance: {fileID: 0}
  m_PrefabAsset: {fileID: 0}
  m_GameObject: {fileID: 8195272527927787786}
  m_LocalRotation: {x: 0.52593255, y: -0.00065714994, z: -0.052100003, w: 0.84892887}
  m_LocalPosition: {x: 0.000003741857, y: 0.022606134, z: 0.0000000017191965}
  m_LocalScale: {x: 1, y: 1, z: 1}
  m_Children:
  - {fileID: 1552175556641273913}
  m_Father: {fileID: 4369756351728427535}
  m_RootOrder: 0
  m_LocalEulerAnglesHint: {x: 63.23869, y: -7.1337647, z: -11.419411}
--- !u!1 &8205081829534600907
GameObject:
  m_ObjectHideFlags: 0
  m_CorrespondingSourceObject: {fileID: 0}
  m_PrefabInstance: {fileID: 0}
  m_PrefabAsset: {fileID: 0}
  serializedVersion: 6
  m_Component:
  - component: {fileID: 1750169713716070380}
  m_Layer: 0
  m_Name: RightArm
  m_TagString: Untagged
  m_Icon: {fileID: 0}
  m_NavMeshLayer: 0
  m_StaticEditorFlags: 0
  m_IsActive: 1
--- !u!4 &1750169713716070380
Transform:
  m_ObjectHideFlags: 0
  m_CorrespondingSourceObject: {fileID: 0}
  m_PrefabInstance: {fileID: 0}
  m_PrefabAsset: {fileID: 0}
  m_GameObject: {fileID: 8205081829534600907}
  m_LocalRotation: {x: 0.39502767, y: 0.011981276, z: 0.4025024, w: 0.8257127}
  m_LocalPosition: {x: -1.3956712e-10, y: 0.09563456, z: -0.0000000011082545}
  m_LocalScale: {x: 1, y: 1, z: 1}
  m_Children:
  - {fileID: 604885652069923054}
  m_Father: {fileID: 4786209598453679530}
  m_RootOrder: 0
  m_LocalEulerAnglesHint: {x: 40.6403, y: 24.509136, z: 60.32312}
--- !u!1 &8244677074142781127
GameObject:
  m_ObjectHideFlags: 0
  m_CorrespondingSourceObject: {fileID: 0}
  m_PrefabInstance: {fileID: 0}
  m_PrefabAsset: {fileID: 0}
  serializedVersion: 6
  m_Component:
  - component: {fileID: 604885652069923054}
  m_Layer: 0
  m_Name: RightForeArm
  m_TagString: Untagged
  m_Icon: {fileID: 0}
  m_NavMeshLayer: 0
  m_StaticEditorFlags: 0
  m_IsActive: 1
--- !u!4 &604885652069923054
Transform:
  m_ObjectHideFlags: 0
  m_CorrespondingSourceObject: {fileID: 0}
  m_PrefabInstance: {fileID: 0}
  m_PrefabAsset: {fileID: 0}
  m_GameObject: {fileID: 8244677074142781127}
  m_LocalRotation: {x: 0.095122226, y: -0.00007244113, z: 0.80548936, w: 0.5849262}
  m_LocalPosition: {x: 4.147363e-10, y: 0.24916025, z: 1.2257033e-10}
  m_LocalScale: {x: 1, y: 1, z: 1}
  m_Children:
  - {fileID: 8119261039068561526}
  - {fileID: 6134089085699866791}
  m_Father: {fileID: 1750169713716070380}
  m_RootOrder: 0
  m_LocalEulerAnglesHint: {x: 6.410038, y: 8.827236, z: 108.17659}
--- !u!1 &8253459829771997654
GameObject:
  m_ObjectHideFlags: 0
  m_CorrespondingSourceObject: {fileID: 0}
  m_PrefabInstance: {fileID: 0}
  m_PrefabAsset: {fileID: 0}
  serializedVersion: 6
  m_Component:
  - component: {fileID: 364368735168226026}
  m_Layer: 0
  m_Name: LeftHandThumb3
  m_TagString: Untagged
  m_Icon: {fileID: 0}
  m_NavMeshLayer: 0
  m_StaticEditorFlags: 0
  m_IsActive: 1
--- !u!4 &364368735168226026
Transform:
  m_ObjectHideFlags: 0
  m_CorrespondingSourceObject: {fileID: 0}
  m_PrefabInstance: {fileID: 0}
  m_PrefabAsset: {fileID: 0}
  m_GameObject: {fileID: 8253459829771997654}
  m_LocalRotation: {x: 0.13221346, y: 0.053727064, z: 0.4052026, w: 0.9030193}
  m_LocalPosition: {x: -0.00018649707, y: 0.03177317, z: -0.0000005322717}
  m_LocalScale: {x: 1, y: 1, z: 1}
  m_Children:
  - {fileID: 5757584253649660998}
  m_Father: {fileID: 9155698354658531092}
  m_RootOrder: 0
  m_LocalEulerAnglesHint: {x: 11.258856, y: 12.016075, z: 49.522163}
--- !u!1 &8480820406038120823
GameObject:
  m_ObjectHideFlags: 0
  m_CorrespondingSourceObject: {fileID: 0}
  m_PrefabInstance: {fileID: 0}
  m_PrefabAsset: {fileID: 0}
  serializedVersion: 6
  m_Component:
  - component: {fileID: 8805380256680985401}
  m_Layer: 0
  m_Name: RightHandRing2
  m_TagString: Untagged
  m_Icon: {fileID: 0}
  m_NavMeshLayer: 0
  m_StaticEditorFlags: 0
  m_IsActive: 1
--- !u!4 &8805380256680985401
Transform:
  m_ObjectHideFlags: 0
  m_CorrespondingSourceObject: {fileID: 0}
  m_PrefabInstance: {fileID: 0}
  m_PrefabAsset: {fileID: 0}
  m_GameObject: {fileID: 8480820406038120823}
  m_LocalRotation: {x: 0.7389225, y: -0.00017172945, z: -0.075110845, w: 0.66959095}
  m_LocalPosition: {x: -0.00000634143, y: 0.041995957, z: -3.247183e-10}
  m_LocalScale: {x: 1, y: 1, z: 1}
  m_Children:
  - {fileID: 1102226837854558963}
  m_Father: {fileID: 4330280663488097816}
  m_RootOrder: 0
  m_LocalEulerAnglesHint: {x: 81.7, y: -129.598, z: -135.68906}
--- !u!1 &8536027209356012256
GameObject:
  m_ObjectHideFlags: 0
  m_CorrespondingSourceObject: {fileID: 0}
  m_PrefabInstance: {fileID: 0}
  m_PrefabAsset: {fileID: 0}
  serializedVersion: 6
  m_Component:
  - component: {fileID: 1207365369719298030}
  m_Layer: 0
  m_Name: LeftLeg_IK_BakingLOC
  m_TagString: Untagged
  m_Icon: {fileID: 0}
  m_NavMeshLayer: 0
  m_StaticEditorFlags: 0
  m_IsActive: 1
--- !u!4 &1207365369719298030
Transform:
  m_ObjectHideFlags: 0
  m_CorrespondingSourceObject: {fileID: 0}
  m_PrefabInstance: {fileID: 0}
  m_PrefabAsset: {fileID: 0}
  m_GameObject: {fileID: 8536027209356012256}
  m_LocalRotation: {x: 0, y: -0, z: -0, w: 1}
  m_LocalPosition: {x: -0, y: 0, z: 0.20962411}
  m_LocalScale: {x: 1, y: 1, z: 1}
  m_Children: []
  m_Father: {fileID: 2242667893083718887}
  m_RootOrder: 1
  m_LocalEulerAnglesHint: {x: 0, y: 0, z: 0}
--- !u!1 &8607892694993960005
GameObject:
  m_ObjectHideFlags: 0
  m_CorrespondingSourceObject: {fileID: 0}
  m_PrefabInstance: {fileID: 0}
  m_PrefabAsset: {fileID: 0}
  serializedVersion: 6
  m_Component:
  - component: {fileID: 8527152352276396571}
  m_Layer: 0
  m_Name: RightHandIndex2
  m_TagString: Untagged
  m_Icon: {fileID: 0}
  m_NavMeshLayer: 0
  m_StaticEditorFlags: 0
  m_IsActive: 1
--- !u!4 &8527152352276396571
Transform:
  m_ObjectHideFlags: 0
  m_CorrespondingSourceObject: {fileID: 0}
  m_PrefabInstance: {fileID: 0}
  m_PrefabAsset: {fileID: 0}
  m_GameObject: {fileID: 8607892694993960005}
  m_LocalRotation: {x: 0.7696442, y: -0.000021456917, z: -0.07627902, w: 0.6339001}
  m_LocalPosition: {x: 0.0000073848037, y: 0.04085875, z: -0.000000001008552}
  m_LocalScale: {x: 1, y: 1, z: 1}
  m_Children:
  - {fileID: 217115866882803750}
  m_Father: {fileID: 3642162412993613100}
  m_RootOrder: 0
  m_LocalEulerAnglesHint: {x: 77.35674, y: -147.55013, z: -153.77}
--- !u!1 &8609621001226596808
GameObject:
  m_ObjectHideFlags: 0
  m_CorrespondingSourceObject: {fileID: 0}
  m_PrefabInstance: {fileID: 0}
  m_PrefabAsset: {fileID: 0}
  serializedVersion: 6
  m_Component:
  - component: {fileID: 6026376314277706706}
  m_Layer: 0
  m_Name: RightHandMiddle4
  m_TagString: Untagged
  m_Icon: {fileID: 0}
  m_NavMeshLayer: 0
  m_StaticEditorFlags: 0
  m_IsActive: 1
--- !u!4 &6026376314277706706
Transform:
  m_ObjectHideFlags: 0
  m_CorrespondingSourceObject: {fileID: 0}
  m_PrefabInstance: {fileID: 0}
  m_PrefabAsset: {fileID: 0}
  m_GameObject: {fileID: 8609621001226596808}
  m_LocalRotation: {x: 0, y: -0, z: -0, w: 1}
  m_LocalPosition: {x: -0.00000451714, y: 0.034432735, z: 1.2194334e-10}
  m_LocalScale: {x: 1, y: 1, z: 1}
  m_Children: []
  m_Father: {fileID: 7078577326219603476}
  m_RootOrder: 0
  m_LocalEulerAnglesHint: {x: 0, y: 0, z: 0}
--- !u!1 &8806642269595545769
GameObject:
  m_ObjectHideFlags: 0
  m_CorrespondingSourceObject: {fileID: 0}
  m_PrefabInstance: {fileID: 0}
  m_PrefabAsset: {fileID: 0}
  serializedVersion: 6
  m_Component:
  - component: {fileID: 1552175556641273913}
  m_Layer: 0
  m_Name: RightHandPinky4
  m_TagString: Untagged
  m_Icon: {fileID: 0}
  m_NavMeshLayer: 0
  m_StaticEditorFlags: 0
  m_IsActive: 1
--- !u!4 &1552175556641273913
Transform:
  m_ObjectHideFlags: 0
  m_CorrespondingSourceObject: {fileID: 0}
  m_PrefabInstance: {fileID: 0}
  m_PrefabAsset: {fileID: 0}
  m_GameObject: {fileID: 8806642269595545769}
  m_LocalRotation: {x: 0, y: -0, z: -0, w: 1}
  m_LocalPosition: {x: 0.00005946261, y: 0.028150095, z: 2.1428831e-10}
  m_LocalScale: {x: 1, y: 1, z: 1}
  m_Children: []
  m_Father: {fileID: 8864940113272824222}
  m_RootOrder: 0
  m_LocalEulerAnglesHint: {x: 0, y: 0, z: 0}
--- !u!1 &9080706806834461533
GameObject:
  m_ObjectHideFlags: 0
  m_CorrespondingSourceObject: {fileID: 0}
  m_PrefabInstance: {fileID: 0}
  m_PrefabAsset: {fileID: 0}
  serializedVersion: 6
  m_Component:
  - component: {fileID: 206333985841961917}
  m_Layer: 0
  m_Name: LeftUpLeg
  m_TagString: Untagged
  m_Icon: {fileID: 0}
  m_NavMeshLayer: 0
  m_StaticEditorFlags: 0
  m_IsActive: 1
--- !u!4 &206333985841961917
Transform:
  m_ObjectHideFlags: 0
  m_CorrespondingSourceObject: {fileID: 0}
  m_PrefabInstance: {fileID: 0}
  m_PrefabAsset: {fileID: 0}
  m_GameObject: {fileID: 9080706806834461533}
  m_LocalRotation: {x: -0.11095622, y: 0.24069473, z: 0.9567569, w: 0.11987922}
  m_LocalPosition: {x: -0.10601049, y: -0.043029994, z: 0.008036527}
  m_LocalScale: {x: 1, y: 1, z: 1}
  m_Children:
  - {fileID: 2242667893083718887}
  m_Father: {fileID: 7755100975809319105}
  m_RootOrder: 0
  m_LocalEulerAnglesHint: {x: -28.235506, y: -11.618191, z: 167.2619}
